1456 2396
198 102 694 146 AGADEMICORUM
704 102 809 143 Lm.
827 101 886 143 II.
901 102 1008 143 CAP.
1021 103 1088 142 38.
1117 102 1198 140 335

70 221 110 254 et
126 211 168 252 id
185 227 265 254 esse
281 213 430 261 Deum,
446 225 572 265 neque
591 221 728 252 natum
740 225 932 266 unquam,
952 219 990 252 et
1003 211 1204 264 sempiter-

72 281 183 316 num,
217 268 448 320 conglobata
478 267 628 319 figura.
660 268 925 317 Parmenides,
956 267 1103 319 ignem,
1134 266 1203 318 qui

70 329 223 362 moveat
254 331 410 371 terram,
440 336 528 374 quae
561 323 609 361 ab
643 335 687 360 eo
719 322 931 361 formetur:
962 322 1201 374 LeuciPPUS,

71 377 248 428 plenum,
276 384 314 415 et
331 377 470 415 inane.
501 376 748 415 Democritus
772 377 864 416 huic
889 378 930 415 in
954 377 1028 415 hoc
1052 375 1204 423 511111115,

72 431 254 470 uberior
243 444 285 469 m
304 431 474 470 caeteris:
506 430 777 483 Empedocles,
802 432 884 470 haec
907 431 1133 483 pervulgata
1164 437 1204 468 et

71 492 164 524 nota
193 494 384 538 quatuor:
422 485 658 534 Heraclitus,
694 485 850 537 ignem:
883 485 1080 535 Melissus,
1115 486 1204 533 hoc,

72 539 179 592 quod
198 548 295 579 esset
311 540 525 589 infinitum,
555 548 592 578 et
616 541 875 587 immutabile,
905 550 941 579 et
960 541 1079 579 fuisse
1105 553 1206 578 sem-

72 607 155 646 per,
176 602 213 633 et
227 594 320 634 fore.
351 595 480 643 Plato,
501 608 549 634 ex
562 595 724 634 materia
736 595 777 633 in
790 608 828 633 se
842 596 973 633 omnia
987 595 1205 647 recipiente,

74 649 270 688 mundum
303 663 382 688 asse
411 650 559 688 factum
589 658 714 688 censet
742 663 766 687 a
796 648 884 688 Deo
917 650 1207 701 sempiternum.

78 703 326 755 Pythagorei,
348 717 396 742 ex
415 704 601 753 numeris,
623 712 661 742 et
685 703 1047 742 mathematicorum
1076 704 1210 751 initiis,

75 758 262 810 proficisci
282 758 416 797 volunt
435 759 579 797 omnia.
619 758 686 797 Ex
704 759 765 797 his
785 758 898 810 eliget
917 768 1038 797 vester
1058 759 1208 820 sapiens

78 825 202 851 unum
232 813 417 875 aliquem,
448 813 574 861 credo,
602 826 720 865 quem
745 822 955 865 sequatur.
987 814 1125 858 caeteri,
1155 821 1211 851 tot

75 867 149 906 viri
167 875 206 906 et
230 868 344 917 tanti,
370 868 563 922 repudiati
588 870 637 906 ab
664 881 722 918 eo,
751 867 1073 920 condemnatique
1092 867 1211 906 disce-

79 921 184 961 dent.

132 977 437 1030 Quamcumque
455 990 544 1016 vero
563 977 791 1016 sententiam
809 977 1041 1030 probaverit
1059 990 1145 1016 eam
1161 976 1213 1015 sic

78 1031 210 1071 animo
219 1032 533 1084 comprehensam
542 1032 713 1081 habebit,
723 1041 768 1071 ut
782 1045 826 1070 ea
835 1046 923 1084 quae
937 1032 1109 1071 sensibus
1121 1046 1130 1069 :
1145 1044 1214 1070 1155

77 1087 202 1139 magis
221 1087 450 1140 approbabit
464 1099 568 1126 nunc
582 1087 723 1136 lucere,
753 1100 887 1139 quam,
912 1087 1097 1140 quoniam
1113 1087 1216 1126 Stoi-

81 1155 148 1181 cus
168 1149 238 1190 est,
258 1142 363 1180 hunc
380 1142 576 1180 mundum
602 1155 681 1180 esse
700 1143 927 1194 sapientem,
947 1142 1087 1180 habere
1106 1154 1216 1180 men-

82 1203 177 1245 tem,
198 1210 287 1249 quae
306 1204 343 1235 et
362 1209 401 1235 se
420 1204 458 1235 et
475 1197 606 1249 ipsum
631 1197 817 1236 fabricata
836 1197 898 1244 sit,
926 1207 963 1235 et
981 1197 1114 1235 omnia
1133 1209 1217 1235 mo-

83 1251 251 1299 deretur,
282 1259 450 1300 moveat,
482 1259 600 1304 regat.
644 1251 733 1290 Erit
764 1252 799 1290 ei
827 1264 1054 1303 persuasum
1085 1252 1216 1299 etiam,

83 1305 219 1355 solem,
251 1305 403 1354 lunam,
433 1305 560 1345 stellas
592 1319 740 1355 omnes,
770 1315 926 1354 terram,
959 1319 1079 1353 mare,
1114 1306 1220 1344 Deos

85 1374 190 1406 oese3
221 1360 327 1413 quod
345 1361 526 1414 quaedam
545 1361 723 1400 animalis
741 1361 994 1412 intelligentia
1007 1374 1076 1413 per
1090 1361 1222 1399 omnia

86 1429 131 1454 ω
157 1423 327 1467 permeet
360 1423 396 1454 et
429 1424 622 1454 transeat:
652 1416 734 1454 fore
765 1424 896 1454 tamen
923 1415 1147 1468 aliquando,
1177 1422 1222 1454 ut

86 1471 213 1510 omnis
231 1470 293 1509 hic
311 1470 484 1508 mundus
503 1471 637 1509 ardore
655 1470 849 1522 deflagret.

141 1525 399 1564 XXXVIIL
430 1525 517 1564 Sint
542 1525 614 1564 ista
641 1539 752 1564 vera:
785 1525 907 1569 (vides
927 1525 1031 1564 enim
1054 1525 1138 1575 jam
1157 1537 1221 1564 me

88 1580 200 1619 fateri
232 1580 383 1632 aliquid
415 1593 495 1618 esse
523 1581 618 1627 veri)
646 1580 918 1632 comprehendi
949 1592 993 1618 ea
1021 1588 1151 1618 tamen
1185 1588 1222 1618 et

88 1635 247 1688 percipi,
274 1647 386 1686 nego.
427 1634 531 1673 Cum
551 1635 656 1673 enim
682 1644 772 1674 tuus
797 1635 868 1674 iste
894 1635 1046 1674 Stoicus
1072 1634 1223 1686 sapiens

89 1689 311 1742 syllabatim
331 1689 402 1728 tibi
419 1689 493 1728 ista
511 1689 677 1735 dixerit;
709 1690 849 1737 veniet,
870 1689 1016 1728 flumen
1043 1689 1225 1728 orationis

91 1758 254 1784 aureum
279 1744 461 1793 fundens,
481 1745 724 1792 Aristoteles,
745 1745 815 1797 qui
839 1744 954 1783 illum
977 1744 1147 1796 desipere
1165 1743 1226 1782 di-

91 1807 153 1838 cat
168 1815 178 1838 ε
209 1813 336 1852 neque
347 1799 450 1838 enim
462 1807 591 1838 ortum
607 1813 686 1838 esse
701 1812 876 1852 unquam
894 1799 1104 1847 mundum,
1119 1798 1224 1851 quod

92 1854 202 1892 nulla
219 1854 349 1903 fuerit,
371 1867 473 1893 novo
495 1854 653 1893 consilio
674 1854 785 1901 inito,
806 1863 888 1893 tam
912 1853 1086 1906 praeclari
1103 1853 1228 1905 operis

93 1909 288 1961 inceptio,
319 1918 357 1948 51
373 1909 429 1948 ita
447 1922 538 1948 eum
564 1923 643 1948 esse
668 1909 841 1962 undique
865 1918 1018 1961 aptum,
1046 1916 1091 1946 ut
1116 1907 1228 1946 nulla

96 1963 154 2002 vis
172 1971 299 2002 tantos
317 1971 433 2016 queat
451 1972 581 2003 motus
599 1965 935 2017 mutationemque
952 1963 1095 2009 moliri,
1117 1962 1228 2001 nulla

94 2025 268 2057 senectus
283 2018 534 2058 diuturnitate
545 2026 767 2072 temporum
781 2019 974 2067 exsistere,
983 2027 1028 2056 ut
1039 2018 1102 2056 hic
1116 2030 1229 2056 orna-

95 2080 159 2112 tus
189 2085 366 2125 unquam
394 2072 566 2126 dilapsus
589 2074 748 2113 occidat.
788 2074 884 2113 Tibi
907 2074 982 2112 hoc
1010 2072 1227 2124 repudiare,

96 2127 197 2166 illud
226 2136 358 2167 autem
388 2129 578 2191 superius,
605 2129 703 2168 sicut
727 2137 844 2181 caput
870 2137 907 2167 et
931 2128 1079 2166 famam
1102 2135 1227 2175 tuam,

97 2182 301 2221 defendere
318 2195 469 2224 necesse
487 2184 584 2231 erit3
612 2184 726 2234 mihi,
746 2192 790 2223 ut
807 2197 857 2224 ne
871 2183 1043 2223 dubitem
1058 2182 1232 2235 quidem,

97 2237 369 2290 relinquatur?
