1456 2396
463 58 723 108 ORATOR,
745 58 851 99 CAP.
869 60 934 104 71.
1207 57 1260 97 69

139 169 168 190 “
190 166 231 206 Ν
233 180 329 219 eque
355 179 442 206 vero
466 176 691 206 ornamenta
717 167 789 206 ista
817 167 1014 215 villarum,
1040 165 1182 218 quibus
1208 165 1257 205 L.

140 221 308 260 Paulum
327 230 365 260 et
384 222 433 260 L.
454 221 714 271 illummium,
735 222 803 274 qui
817 224 930 260 rebus
948 221 1008 260 his
1026 223 1163 260 urbem
1178 221 1259 259 Ita-

136 275 305 327 liamque
323 289 478 315 omnem
503 275 745 323 referserunt,
775 278 825 314 ab
844 276 974 327 aliquo
999 275 1108 313 video
1134 275 1260 327 perfa-

137 329 209 368 cile
235 330 395 369 Deliaco
421 338 488 368 aut
514 331 610 381 Syro
635 330 802 382 potuisse
832 329 1042 381 superari.''
1086 329 1164 367 Fac
1189 330 1259 377 ita,

141 386 169 405 ‘⁶
188 385 356 435 potuisse
387 385 557 436 superari
586 387 634 423 ab
667 385 797 436 aliquo
830 385 926 435 Syro
957 392 1024 422 aut
1055 383 1258 422 Deliacoff’

140 437 324 487 Videsne,
354 447 413 486 ut,
442 439 574 478 ordine
597 441 801 478 verborum
828 438 991 490 paulum
1010 446 1261 485 commutato,

136 491 273 530 iisdem
301 493 439 542 verbis,
474 501 596 532 stante
626 493 827 555 sententia,
858 492 908 530 ad
938 492 1105 530 nihilum
1130 492 1262 530 omnia

136 547 320 595 recidant,
341 561 432 586 cum
450 547 525 586 sint
545 561 592 586 ex
611 548 709 599 aptis
728 547 942 586 dissoluta?
972 554 1040 584 aut
1051 546 1082 584 si
1097 546 1261 596 alicujus

138 575 323 639 inconditi
359 602 517 653 arripias
553 601 775 653 dissipatam
808 601 980 652 aliquam
1018 600 1259 647 sententiam,

139 667 315 707 eamque,
347 656 479 694 ordine
511 658 715 694 verborum
746 656 910 706 paulum
938 662 1188 702 commutato,
1219 655 1261 692 in

138 709 332 761 quadrum
350 710 511 761 redigas,
532 710 716 749 efficiatur
734 718 871 761 aptum
889 708 1001 757 illud,
1022 708 1127 760 quod
1145 708 1263 747 fuerit

139 770 252 802 antea
277 763 454 803 diffluens
480 777 524 803 ac
550 765 732 803 solutum.
761 764 865 815 Age,
894 776 1003 802 sume
1029 763 1077 801 de
1097 762 1263 801 Gracchi

138 817 243 869 apud
262 831 432 857 censores
451 818 563 868 illud,
594 820 623 841 “
642 819 791 857 Abaese
805 830 883 856 non
897 824 1034 869 potest,
1051 817 1147 868 quin
1161 818 1262 866 ejus-

137 871 227 910 dem
254 872 421 911 hominis
451 873 513 921 sit,
542 874 680 934 probos
703 873 943 934 improbare,
973 872 1041 924 qui
1068 871 1264 933 improbos

137 927 314 978 probet.”
345 926 504 975 Quanto
523 927 662 979 aptius,
683 926 715 965 si
733 927 787 965 ita
805 927 975 975 dixisset,
1007 929 1036 948 “
1052 925 1146 977 quin
1159 926 1262 975 ejus-

138 980 229 1019 dem
253 981 420 1020 hominis
447 982 508 1030 sit,
536 982 604 1034 qui
625 982 820 1033 improbos
846 982 996 1032 probet,
1022 981 1162 1031 probos
1189 981 1265 1018 im-

139 1037 328 1086 probare.
319 1036 359 1060 ''’
390 1036 479 1075 Hoc
497 1036 612 1075 modo
630 1036 753 1074 dicere
777 1048 892 1074 nemo
916 1047 1091 1086 unquam
1109 1034 1260 1073 noluit:

139 1101 330 1142 nemoque
348 1090 488 1142 potuit,
509 1091 604 1142 quin
623 1090 772 1129 dixerit.
802 1089 885 1138 Qui
899 1097 1029 1127 autem
1049 1089 1158 1126 aliter
1177 1088 1263 1126 dix-

139 1151 266 1189 erunt,
285 1145 357 1183 hoc
376 1145 527 1197 assequi
544 1157 622 1184 non
640 1151 859 1197 potuerunt.
897 1143 960 1182 Ita
978 1143 1068 1181 facti
1095 1150 1185 1181 sunt
1203 1156 1262 1182 re-

139 1206 254 1249 pente
279 1198 414 1238 Attici.
460 1199 584 1248 Quasi
608 1213 697 1239 vero
722 1199 945 1241 Trallianus
970 1197 1085 1236 fuerit
1115 1197 1263 1236 Demo-

140 1252 306 1301 sthenes,
327 1254 437 1303 cujus
463 1266 541 1292 non
567 1260 648 1292 tam
676 1254 869 1293 vibrarent
886 1251 1054 1291 fulmina
1077 1251 1159 1301 illa,
1188 1252 1262 1290 nisi

141 1307 311 1346 numeris
330 1314 500 1346 contorta
517 1308 734 1347 ferrentur!

194 1361 355 1400 LXXI.
385 1362 475 1409 Sed,
502 1362 535 1400 si
561 1375 656 1414 quos
683 1361 807 1424 magis
833 1360 1023 1400 delectant
1049 1360 1266 1410 soluta,se-

140 1424 310 1468 quantur
339 1429 383 1454 ea
410 1429 513 1466 sane,
546 1415 681 1466 [modo
709 1417 775 1465 510,
802 1423 847 1455 111
873 1416 979 1477 quis]
1009 1415 1160 1454 Phidiae
1184 1416 1265 1467 cly-

138 1483 257 1522 peum
289 1469 514 1519 dissolverit,
548 1470 805 1510 collocationis
842 1470 1060 1508 universam
1097 1469 1264 1521 speciem

140 1525 349 1573 sustulerit,
370 1537 448 1563 non
467 1524 709 1576 singulorum
728 1537 888 1577 operum
907 1531 1174 1570 v3enustatem
1203 1532 1263 1572 ut,

143 1579 185 1617 111
204 1553 448 1631 Thucydide,
469 1581 602 1618 orbem
620 1579 736 1618 modo
755 1578 934 1618 orationis
948 1577 1132 1627 desidero,
1153 1590 1266 1617 orna-

144 1640 276 1671 menta
295 1642 527 1685 comparent.
558 1633 629 1672 Isti
648 1641 778 1673 autem
797 1646 887 1672 cum
901 1632 1113 1671 dissolvunt
1128 1632 1268 1671 oratio—

145 1700 251 1736 nem,
270 1687 312 1725 in
331 1688 410 1740 qua
428 1700 498 1726 nec
521 1701 580 1727 res
604 1700 674 1727 nec
692 1690 854 1727 verbum
871 1686 998 1724 uuum
1017 1694 1086 1735 est,
1107 1686 1181 1725 nisi
1199 1688 1268 1726 ab·

140 1743 314 1791 jectum3
344 1754 423 1781 non
441 1742 636 1794 clypeum,
657 1742 722 1780 sed
741 1748 785 1780 ut
809 1742 850 1779 in
875 1741 1076 1792 proverbio
1102 1748 1158 1779 oet
1181 1741 1269 1785 (etsi

146 1796 333 1834 humilius
351 1796 498 1835 dictum
517 1804 586 1845 est,
602 1804 732 1835 tamen
750 1795 947 1835 consimile
965 1802 1036 1843 est)
1053 1807 1183 1847 scopas
1204 1794 1271 1845 [ut

146 1850 202 1888 ita
219 1850 365 1903 dicam]
386 1851 484 1888 mihi
498 1851 675 1889 videntur
689 1850 902 1890 dissolvere.
930 1852 1080 1901 Atque,
1096 1857 1141 1887 ut
1153 1850 1269 1900 plane

146 1917 268 1955 genus
293 1905 379 1953 hoc,
400 1905 505 1957 quod
531 1918 600 1956 ego
625 1905 756 1953 laudo,
784 1904 1026 1944 contemsisse
1050 1903 1266 1953 videantur,

148 1966 218 1997 aut
251 1959 416 1998 scribant
446 1959 593 2011 aliquid
622 1960 683 1998 vel
713 1959 902 1998 Isocrateo
931 1971 1052 2005 more,
1086 1958 1148 1997 vel
1189 1970 1268 2010 quo

148 2012 352 2052 AEschines
371 2021 438 2052 aut
452 2013 732 2053 Demosthenes
750 2013 895 2051 utitur:
927 2019 1014 2050 tum
1031 2012 1117 2051 illos
1136 2012 1266 2050 existi-

147 2069 278 2116 mabo,
291 2080 368 2106 non
380 2067 641 2119 desperatione
651 2066 952 2106 reformidavisse
962 2079 1084 2118 genus
1101 2066 1188 2114 hoc,
1203 2066 1269 2104 sed

144 2121 292 2169 judicio
310 2121 517 2173 refugisse:
547 2129 616 2161 aut
640 2122 844 2174 reperiant,
870 2120 954 2172 ipsa
980 2120 1114 2159 03110111
1140 2119 1271 2159 0011111-

150 2175 255 2215 tione
274 2176 343 2228 qui
362 2177 419 2216 uti
439 2176 544 2227 velit,
563 2183 608 2216 ut
627 2185 695 2217 aut
712 2176 827 2227 (11031,
848 2183 916 2214 3111
934 2175 1086 2225 scribat,
1106 2174 1194 2214 utra
1209 2187 1275 2215 vo-
