1456 2396
159 86 241 124 348
285 82 770 125 ACADEMICORUM
795 82 896 122 Lm.
911 83 969 122 ΙΙ.
990 81 1096 123 CAP.
1109 83 1179 122 48..

163 207 240 246 que
259 207 382 233 errore
406 201 462 232 tot
487 193 818 246 philosophorum,
843 192 912 245 qui
933 191 981 230 de
1004 191 1114 231 bonis
1139 198 1288 231 eontra-

164 249 307 300 riisque
324 251 437 287 rebus
455 256 652 300 tantopere
670 248 898 299 discrepant,
916 253 976 295 ut,
996 259 1086 284 cum
1103 247 1193 298 plus
1209 259 1289 286 uno

165 316 300 341 verum
319 316 398 341 esse
416 315 494 341 non
511 302 644 354 possit,
667 303 791 352 jacere
809 313 958 340 necesse
976 300 1026 338 sit
1042 307 1100 339 tot
1122 307 1204 338 tam
1221 313 1291 339 no-

165 356 261 395 biles
290 357 533 408 disciplinas3
568 369 686 408 quam
714 356 762 394 de
788 355 1002 402 oculorum,
1033 367 1293 407 sensuumque

166 412 403 462 reliquorum
422 411 643 459 mendaciis,
659 418 696 449 et
713 410 761 448 de
780 409 906 457 sorite,
926 416 994 446 aut
1006 407 1291 460 pseudomeno;

168 478 265 516 quas
283 466 416 517 plagas
434 466 508 517 ipsi
525 473 655 504 contra
673 478 712 503 se
731 463 850 503 Stoici
867 470 1086 501 texuerunt.

224 519 333 557 Tum
364 520 566 569 Lucullus,
599 520 692 558 Non
723 519 896 564 moleste,
925 516 1066 568 inquit,
1099 516 1194 566 fero,
1227 529 1297 557 nos

169 573 252 612 haec
281 575 509 613 contulisse:
545 574 682 626 saepius
710 572 813 611 enim
841 571 1124 623 congredientes
1149 583 1234 619 nos,
1261 581 1299 610 et

170 628 343 667 maxime
374 628 415 666 in
444 628 676 667 Tusculanis
702 626 853 674 nostris,
881 625 914 664 si
943 638 1022 677 qua
1050 625 1296 673 videbuntur,

172 682 422 734 requiremus.
470 682 645 734 Optime,
678 682 840 733 inquam
858 695 868 718 ε
910 679 976 718 sed
1008 679 1103 731 quid
1136 679 1298 720 Catulus

173 737 317 776 sentit?
351 737 446 789 quid
475 737 738 776 Hortensius?
779 734 889 773 Tum
919 733 1097 782 Catulus,
1126 733 1297 785 Egone?

171 790 311 843 inquit.
339 791 408 829 Ad
426 791 545 843 patris
562 791 733 829 revolvor
747 788 988 834 sententiam,
1009 801 1127 839 quam
1141 788 1299 840 quidem

175 845 242 883 ille
261 845 522 885 Carneadeam
541 859 620 884 esse
637 845 800 891 dicebat,
821 850 865 881 ut
883 842 1028 894 percipi
1049 842 1148 880 nihil
1165 851 1300 894 putem

176 912 313 951 posse3
343 913 587 938 assensurum
605 907 736 938 autem
754 909 831 936 non
849 905 1041 949 percepto,
1066 896 1107 934 id
1125 904 1195 945 est,
1219 897 1303 949 opi-

177 962 376 1001 naturum,
396 955 605 1006 sapientem
624 953 861 992 existimem:
887 950 953 990 sed
970 951 1038 998 ita,
1058 958 1103 988 ut
1114 950 1303 1003 intelligat

179 1020 219 1047 se
237 1009 398 1061 opinari,
419 1009 588 1060 sciatque
613 1008 712 1046 nihil
737 1019 830 1054 esse,
851 1005 956 1057 quod
977 1005 1248 1056 comprehendi
1266 1014 1304 1045 et

178 1064 322 1115 percipi
349 1063 492 1114 possit:
536 1061 643 1114 [per]
676 1077 808 1113 εποχην
835 1060 944 1097 illam
972 1059 1148 1097 omnium
1176 1073 1305 1098 rerum

180 1119 445 1168 comprobans,
476 1117 534 1154 illi
564 1115 672 1154 alteri
704 1114 913 1160 sententiae,
946 1113 1044 1150 nihil
1075 1126 1168 1161 aese,
1201 1114 1306 1165 quod

181 1172 324 1223 percipi
339 1171 470 1223 possit,
487 1170 729 1209 vehementer
742 1167 934 1207 assentior.
962 1167 1114 1214 Habeo,
1130 1167 1305 1219 inquam,

183 1226 410 1264 sententiam
430 1234 553 1271 tuam,
573 1237 642 1262 nec
661 1236 746 1262 eam
760 1221 972 1261 admodum
985 1221 1202 1273 adspemor.
1231 1223 1308 1262 Sed

182 1280 254 1318 tibi
269 1280 362 1331 quid
377 1279 532 1318 tandem
547 1278 710 1324 videtur,
727 1276 938 1315 Hortensi?
967 1275 1076 1314 Tum
1090 1275 1154 1314 ille
1167 1276 1306 1324 ridens,

183 1334 433 1372 Tollendum.
463 1334 596 1372 Teneo
610 1341 661 1381 te,
681 1332 866 1383 inquam:
891 1342 983 1368 nam
1001 1330 1072 1368 ista
1090 1329 1312 1371 Academiae

185 1396 241 1427 est
260 1389 412 1440 propria
431 1388 626 1427 sententia-
667 1386 730 1425 Ita
753 1397 924 1425 sermone
945 1384 1128 1431 confecto,
1149 1384 1313 1426 Catulus

185 1444 390 1483 remansit:
421 1456 489 1482 nos
507 1442 557 1482 ad
574 1441 769 1481 naviculas
786 1447 934 1479 nostras
950 1438 1225 1479 descendimus.
