1456 2396
253 88 331 127 122
401 85 579 128 ORAT.
600 85 1017 137 PARTITIONES‚
1037 87 1144 127 CAP.
1161 88 1226 126 28.

253 197 367 247 itum,
393 196 633 237 conficientes
661 204 858 237 vocantur.
898 196 1003 236 Cum
1027 203 1160 236 autem
1178 195 1376 249 quaeritur,

251 252 347 304 quid
366 252 415 291 sit
432 252 626 304 optimum
643 252 776 299 factu,
765 266 776 276 ·
807 259 875 290 aut
892 252 1053 300 utilitas,
1073 259 1143 290 aut
1159 264 1244 304 spes
1261 251 1377 291 effici-

252 306 357 355 endi,
377 306 427 344 ad
441 307 725 346 assentiendum
742 307 908 358 impellit
926 305 1086 344 animos.

306 361 494 400 XXVII.
523 361 592 409 Et,
619 361 804 413 quoniam
830 361 877 399 de
903 360 1068 398 utilitate
1087 361 1170 410 jam
1188 359 1374 408 diximus,

251 415 300 454 de
319 415 505 454 efficiendi
523 416 668 454 ratione
686 416 882 454 dicamus·
914 427 992 466 quo
1010 422 1090 453 toto
1113 427 1264 466 genere,
1289 415 1377 467 qui-

251 471 430 518 buscum,
452 478 489 508 et
507 478 638 509 contra
665 483 775 521 quos,
796 483 874 522 quo
892 477 1076 520 tempore,
1097 476 1165 507 aut
1182 483 1260 522 quo
1277 470 1376 518 loco,

253 533 322 563 aut
336 525 477 576 quibus
489 524 736 563 facultatibus
747 537 958 572 armorum,
971 523 1158 575 pecuniae,
1174 523 1377 572 sociorum,

251 592 432 617 earumve
457 592 587 618 rerum
617 593 705 631 quae
734 579 784 617 ad
810 591 1006 630 quamque
1031 591 1113 616 rem
1140 578 1379 617 efficiendam

253 634 460 684 pertinent,
476 634 666 685 possimus
677 633 749 680 uti,
769 632 1043 684 requirendum
1063 640 1130 670 est.
1160 633 1302 684 Neque
1320 646 1381 671 so-

253 688 338 725 lum
357 701 401 726 ea
420 695 523 737 sunt,
545 702 632 739 quae
647 688 757 726 nobis
769 694 987 739 suppetant,
1003 687 1069 725 sed
1083 687 1200 725 etiam
1210 687 1278 725 illa
1291 701 1380 740 quae

253 742 516 790 adversentur,
537 742 713 780 videnda.
743 741 811 789 Et,
833 741 878 788 si,
900 755 947 779 ex
967 741 1220 790 contentione,
1240 741 1379 793 procli-

251 796 357 834 viora
375 804 488 835 erunt
501 805 629 835 nostra
643 810 654 842 ;
685 809 763 834 non
776 796 902 834 solum
914 795 1011 834 effici
1022 809 1130 847 posse
1144 809 1232 847 quae
1244 796 1380 834 suade-

251 863 357 897 mus,
374 851 445 889 erit
458 851 782 902 persuadendum,
795 850 861 889 sed
873 850 1086 889 curandum
1099 850 1229 898 etiam,
1242 857 1288 888 ut
1298 851 1380 899 illa,

252 905 393 953 facilia,
406 905 601 957 proclivia,
615 905 802 955 jucunda,
816 905 1028 943 videantur.
1058 904 1382 944 Dissuadentibus

250 967 382 998 autem
397 967 465 998 aut
483 959 627 998 utilitas
638 959 903 998 labefactanda
915 967 984 1007 est,
1000 966 1068 997 aut
1079 959 1265 998 efficiendi
1279 959 1380 997 diffi-

249 1013 411 1052 cultates
423 1014 635 1062 efferendae,
649 1027 774 1066 neque
786 1014 870 1052 aliis
885 1027 932 1052 ex
944 1013 1154 1065 praeceptiS,
1164 1013 1230 1052 sed
1240 1013 1378 1053 iisdem

249 1081 299 1107 ex
315 1068 498 1106 suasionis
511 1068 615 1107 locis.
632 1068 804 1120 Uterque
822 1081 910 1107 vero
928 1068 978 1106 ad
996 1067 1218 1120 augendum
1235 1068 1377 1107 habeat

251 1123 519 1174 exemplorum
552 1130 619 1161 aut
652 1123 877 1171 recentium,
908 1135 986 1174 quo
1011 1123 1160 1161 notiora
1191 1123 1280 1171 sint,
1308 1130 1377 1162 aut

249 1187 438 1224 veterum,
488 1190 565 1229 quo
601 1177 690 1228 plus
728 1177 962 1216 auctoritatis
998 1177 1179 1225 habeant,
1214 1177 1380 1229 copiam,

250 1230 507 1284 Maximeque
532 1232 580 1270 sit
607 1232 647 1269 in
675 1231 747 1270 hoc
777 1244 914 1283 genere
943 1231 1164 1279 meditatus,
1184 1238 1230 1269 ut
1257 1232 1378 1283 possit

249 1286 310 1323 vel
330 1286 441 1324 utilia
464 1299 507 1324 ac
532 1286 740 1324 necessaria
765 1299 864 1338 saepe
889 1286 1070 1334 honestis,
1092 1286 1152 1324 vel
1176 1285 1259 1324 haec
1283 1286 1374 1334 illis,

247 1340 446 1379 anteferre.
493 1340 562 1379 Ad
581 1341 874 1379 commovendos
893 1348 1023 1379 autem
1041 1340 1189 1378 animos
1206 1341 1380 1379 maxime

247 1395 461 1446 proficient,
493 1395 523 1432 si
548 1395 732 1433 incitandi
760 1402 885 1442 erunt,
915 1395 1139 1444 hujusmodi
1164 1395 1375 1443 sententiae,

248 1462 336 1500 quae
355 1457 422 1487 aut
441 1449 490 1487 ad
509 1449 718 1502 explendas
737 1449 977 1501 cupiditateS,
997 1457 1065 1488 aut
1083 1449 1132 1487 ad
1157 1449 1291 1488 odium
1316 1463 1377 1488 sa-

248 1504 441 1551 tiandum,
476 1512 543 1542 aut
573 1504 622 1542 ad
647 1504 882 1543 ulciscendas
909 1504 1084 1554 injurias,
1114 1504 1374 1555 pertinebunt.

251 1558 321 1595 Sin
341 1566 472 1596 autem
491 1559 749 1610 reprimendi;
780 1559 828 1597 de
838 1559 981 1596 incerto
996 1565 1096 1596 statu
1108 1558 1288 1606 fortunae,
1303 1558 1378 1597 du·
1442 1562 1447 1579 ¹

248 1611 400 1664 biisque
425 1613 568 1650 eventis
594 1626 724 1651 rerum
750 1613 984 1661 futurarum,
1012 1619 1049 1650 et
1068 1611 1274 1651 retinendis
1300 1613 1378 1652 suis

250 1666 428 1714 fortunis,
459 1667 491 1705 si
517 1674 629 1705 erunt
651 1667 855 1713 secundae;
886 1667 944 1705 sin
972 1674 1102 1704 autem
1131 1666 1311 1714 adversae,
1331 1667 1381 1706 de

1451 609 1456 708 ³

1450 718 1456 766 1

1448 769 1456 935 ἒ

1442 937 1456 1500 i

249 1721 433 1782 periculo,
463 1722 743 1761 commonendi.
801 1721 937 1774 Atque
950 1721 992 1759 hi
1011 1721 1168 1772 quidem
1187 1728 1277 1759 sunt
1294 1735 1381 1773 per·
1437 1731 1447 1756 ’.

252 1775 433 1813 orationis
451 1775 537 1814 loci.
569 1776 764 1828 Principia
782 1784 913 1815 autem
931 1775 972 1813 in
992 1775 1186 1814 sententiis
1207 1775 1377 1815 dicendis

250 1829 382 1868 brevia
410 1842 489 1868 esse
516 1829 683 1869 debent.
715 1843 793 1870 non
822 1830 926 1869 enim
945 1830 1122 1881 supplex,
1143 1837 1189 1867 ut
1206 1829 1256 1868 ad
1270 1830 1378 1879 judi-

250 1896 350 1933 cem,
371 1884 475 1922 venit
493 1892 633 1933 orator,
650 1885 715 1924 sed
733 1885 916 1934 hortator,
936 1892 1051 1936 atque
1070 1891 1213 1922 auctor.
1244 1883 1379 1932 Quare
1436 1900 1444 1926 ϊ

250 1951 475 1989 proponere,
503 1939 583 1991 qua
606 1946 736 1978 mente
765 1939 879 1986 dicat,
904 1939 999 1992 quid
1026 1938 1131 1986 velit,
1161 1937 1302 1990 quibus
1329 1938 1379 1978 de
1437 1952 1444 1974 .·

250 1994 364 2031 rebus
390 1993 560 2031 dicturus
588 1993 650 2042 sit,
671 1993 797 2041 debet,
826 1994 1046 2045 hortarique
1071 1992 1122 2030 ad
1146 2005 1186 2031 se
1211 1992 1378 2031 breviter

251 2046 442 2085 dicentem
461 2046 709 2086 audiendum.
752 2047 855 2086 Tota
868 2056 998 2086 autem
1017 2047 1137 2086 oratio
1156 2047 1321 2099 simplex
1339 2055 1378 2085 et

250 2101 390 2152 gravis,
412 2109 449 2139 et
468 2102 663 2141 sententiis
681 2101 795 2141 debet
813 2102 980 2141 ornatior
998 2115 1091 2149 esse,
1107 2114 1227 2153 quam
1241 2101 1379 2139 verbis.

306 2155 517 2195 XXVIII.
545 2158 689 2195 Filius.
719 2156 894 2208 Cognovi
905 2158 988 2206 jam
999 2155 1229 2194 laudationis
1242 2162 1380 2194 etsua-

252 2209 367 2250 sionis
388 2211 502 2250 locos.
533 2211 665 2259 Nunc,
686 2224 774 2264 quae
798 2210 952 2261 judiciis
977 2209 1264 2251 accommodata
1286 2209 1378 2257 sint,
