1456 2396
213 86 695 127 ACADEMICORUM
715 86 815 126 LIB.
832 86 891 126 11.
913 87 1018 127 CAP.
1034 89 1099 128 29.
1147 89 1227 127 323

114 203 178 234 net
192 198 210 235 ?
252 196 294 234 Si
311 196 406 243 haec,
426 203 465 234 et
481 195 620 233 horum
643 195 796 243 similia,
823 195 984 245 judicat,
1010 195 1057 234 de
1079 209 1119 234 se
1142 195 1228 247 ipsa

109 249 256 299 judicat
273 264 283 287 ε
313 250 400 300 plus
419 257 548 287 autem
567 249 838 300 pollicebatur:
868 262 960 288 nam
973 250 1054 288 haec
1069 250 1227 300 quidem

110 302 295 353 judicare,
325 303 374 340 ad.
402 311 552 341 caeteras
578 316 650 349 res,
680 317 767 355 quae
796 311 884 341 sunt
915 304 955 341 in
987 303 1229 355 philosophia

112 358 246 395 multae
267 365 382 408 atque
407 369 571 407 magnae,
600 370 678 394 non
704 365 758 394 est
786 358 887 395 satis.
928 358 1016 404 Sed,
1046 357 1230 409 quoniam

113 417 265 448 tantum
284 411 325 448 in
345 424 388 448 ea
408 419 487 448 arte
505 410 659 461 ponitis,
681 410 818 456 videte,
840 423 888 448 ne
908 419 1037 449 contra
1061 424 1126 449 vos
1150 419 1230 449 tota

113 471 203 501 nata
222 464 296 502 sit·
328 478 415 515 quae
432 464 557 515 primo
575 477 776 515 progressu
791 464 921 503 festive
936 465 1051 502 tradit
1065 465 1232 502 elemen-

113 525 154 555 ta
171 518 369 569 loquendi,
397 525 434 556 et
456 518 726 569 ambiguorum
751 517 1057 578 intelligentiam,
1079 519 1232 557 conclu-

113 571 306 623 dendique
335 572 546 610 rationem:
578 579 677 619 tum,
708 571 840 622 paucis
872 572 1023 618 additis,
1053 572 1156 610 venit
1183 572 1233 610 ad

113 625 259 671 soritas,
281 625 474 664 lubricum
493 638 596 672 sane,
618 634 655 663 et
672 625 926 676 periculosum
945 626 1096 664 locum:
1129 625 1234 678 quod

112 687 156 717 tu
175 679 290 717 modo
309 679 459 718 dicebas
478 692 556 717 esse
575 679 754 718 vitiosum
768 679 1026 730 interrogandi
1045 693 1177 730 genus.

167 733 330 771 XXIX.
359 732 467 781 Quid
486 735 601 784 ergo?
634 733 741 771 istius
760 732 842 770 vitii
860 745 956 770 num
975 742 1102 771 nostra
1121 733 1234 784 culpa

113 789 200 825 est?
234 800 363 825 rerum
388 795 524 825 natura
549 788 698 825 nullam
719 786 828 824 nobis
853 786 957 824 dedit
981 787 1234 837 cognitionem

113 840 265 887 finium,
289 849 334 878 ut
358 842 439 878 11113
466 841 507 878 111
531 854 571 878 re
598 849 760 879 statuere
785 840 987 891 possimus,
1018 841 1232 891 quatenus:

113 906 181 932 nec
200 894 271 932 hoc
289 895 330 932 in
349 907 479 932 acervo
498 895 611 932 tritici
630 896 769 941 solum,
789 894 892 932 unde
917 906 1056 932 nomen
1080 902 1148 940 est,
1170 894 1235 932 sed

113 948 223 985 nulla
249 948 406 986 omnino
432 948 473 986 in
500 962 540 986 re
564 948 785 986 minutatim
814 947 1087 1000 [interrogati,]
1115 948 1234 995 dives,

111 1015 282 1053 pauper;
308 1003 444 1050 clarus,
461 1004 642 1041 obscurus
658 1002 730 1048 sit3
755 1003 893 1048 multa,
910 1014 1053 1052 pauca;
1078 1014 1234 1052 magna,

113 1069 258 1107 parva3
293 1057 422 1107 longa,
451 1056 607 1103 brevia3
647 1057 738 1104 lata,
768 1063 956 1106 angusta3
998 1063 1141 1106 quanto
1169 1063 1237 1094 aut

113 1109 256 1157 addito,
286 1118 353 1148 aut
380 1111 523 1158 demto,
552 1118 697 1149 certum
725 1109 1034 1161 respondeamus,
1065 1122 1143 1147 non
1166 1109 1237 1147 ha-

114 1165 262 1203 bemus.

168 1218 228 1255 At
246 1218 370 1257 vitiosi
389 1226 477 1256 sunt
496 1219 629 1256 soritae.
671 1216 853 1268 Frangite
877 1216 994 1279 igitur
1019 1229 1094 1264 eos,
1119 1216 1151 1254 si
1168 1229 1238 1267 po-

114 1272 232 1319 testis,
252 1284 301 1310 ne
318 1272 468 1310 molesti
487 1272 580 1310 sint:
607 1280 718 1310 erunt
732 1272 848 1318 enim,
865 1272 938 1309 nisi
956 1271 1104 1309 cavetis.
1135 1270 1239 1308 Cau-

114 1334 211 1364 tum
220 1333 288 1373 est,
308 1326 445 1377 inquit.
477 1327 609 1364 Placet
627 1326 729 1363 enim
745 1325 974 1386 Chrysippo,
996 1338 1084 1364 cum
1104 1324 1240 1375 grada-

115 1380 186 1417 tim
206 1380 470 1430 interrogetur,
491 1380 596 1418 verbi
621 1393 748 1426 causa,
774 1379 859 1425 tria,
885 1392 1007 1430 pauca
1031 1379 1119 1424 sint,
1141 1391 1241 1416 anne

114 1434 265 1479 multa3
296 1435 492 1484 aliquanto
518 1434 636 1485 prius,
665 1446 783 1485 quam
808 1432 857 1470 ad
881 1433 1005 1470 multa
1029 1432 1238 1483 perveniat,

116 1487 320 1539 quiescere,
341 1488 381 1525 id
400 1496 468 1535 est,
489 1487 594 1539 quod
613 1489 660 1525 ab
686 1487 732 1525 iis
757 1486 1032 1538 (11011111,ἡσυχ
1034 1489 1134 1530 αζειν.
1165 1486 1241 1524 Per

116 1555 193 1589 me,
223 1542 283 1580 vel
313 1549 444 1580 stertas
473 1542 574 1589 licet,
605 1542 732 1592 inquit
762 1540 987 1590 Carneades,
1021 1552 1099 1577 non
1125 1538 1242 1578 modo

115 1596 297 1648 quiescas.
341 1596 416 1634 Sed
441 1596 536 1647 quid
560 1595 740 1647 proficit?
770 1594 941 1656 sequitur
966 1593 1083 1641 enim,
1111 1593 1179 1645 qui
1204 1601 1243 1631 te

116 1663 165 1688 ex
184 1663 317 1688 somno
336 1649 486 1697 excitet,
508 1657 545 1688 et
564 1649 696 1688 eodem
714 1648 829 1688 modo
847 1649 1075 1699 interroget:
1105 1660 1182 1698 quo
1200 1647 1243 1684 in

116 1715 278 1742 numero
297 1704 522 1750 conticuisti,
544 1704 575 1741 si
595 1703 644 1741 ad
662 1716 751 1741 eum
765 1715 972 1741 numerum
990 1714 1114 1739 unum
1135 1700 1243 1738 addi-

117 1757 220 1805 dero,
254 1759 427 1796 multane
459 1760 604 1796 erunt?
653 1756 901 1808 Progrediere
936 1769 1080 1803 rursus,
1115 1754 1243 1806 quoad

118 1811 320 1851 videbitur.
368 1811 478 1859 Quid
506 1812 653 1863 plura?
692 1811 765 1849 hoe
793 1810 896 1849 enim
923 1810 1077 1848 fateris:
1118 1821 1244 1860 neque

119 1866 303 1904 ultimum
341 1872 379 1904 te
409 1879 635 1917 paucorum,
670 1878 795 1917 neque
826 1864 998 1915 primum
1029 1863 1244 1901 multorum

119 1920 343 1971 respondere
361 1933 492 1972 posse.
525 1921 634 1970 cujus
653 1919 800 1971 generis
825 1931 925 1956 error
950 1918 1005 1957 ita
1029 1924 1174 1965 manat,
1199 1922 1244 1954 ut

119 1985 197 2012 non
217 1973 380 2022 videam,
400 1987 478 2026 quo
496 1987 573 2012 non
592 1974 710 2025 possit
728 1972 912 2011 accedere.

176 2027 290 2065 Nihil
307 2041 370 2066 me
386 2028 506 2083 iaedit,
526 2028 663 2079 inquit.
693 2027 781 2078 Ego
796 2027 913 2074 enim,
934 2034 978 2063 ut
993 2024 1154 2076 agitator
1167 2023 1245 2062 cal-

119 2082 236 2128 lidus,
257 2082 363 2132 prius
382 2095 501 2133 quam
519 2082 568 2121 ad
582 2082 700 2120 finem
714 2081 880 2127 veniam,
897 2093 1013 2131 equos
1028 2078 1244 2122 sustineb03

122 2148 243 2187 eoque
261 2136 397 2187 magis,
421 2135 453 2173 51
475 2135 616 2174 locus
606 2149 652 2184 is,
673 2148 750 2187 quo
768 2134 937 2173 ferentur
956 2133 1058 2185 equi,
1078 2143 1246 2183 praeceps

121 2190 206 2230 erit.
235 2189 299 2230 Sic
316 2202 393 2238 me,
413 2189 554 2241 inquit,
574 2197 662 2230 ante
680 2189 887 2237 sustinebo,
907 2200 977 2227 nec
996 2187 1139 2226 diutius
1157 2197 1246 2236 cap-
