1456 2396
257 67 876 120 ORAT.PART1TIONES‚
907 70 1099 111 cmm.
1161 73 1237 112 113

97 193 218 234 quam
235 179 441 228 laudatori,
462 179 608 218 suasori
626 192 705 219 non
725 193 840 232 saepe,
861 181 1072 221 accusatori
1091 182 1231 235 saepius

98 248 218 288 quam
235 247 315 283 reo,
343 234 565 273 necessaria.
618 234 752 284 Hujus
776 244 950 287 tempora
975 237 1053 275 duo
1073 245 1177 287 sunt,
1198 238 1230 276 si

96 297 166 329 aut
190 289 388 327 memoriae
408 288 565 327 diffidas
591 302 740 338 eorum,
772 291 877 342 apud
907 304 1004 342 quos
1031 305 1137 353 agas,
1167 293 1231 331 vel

97 344 300 383 intervallo
326 343 525 395 temporis,
551 344 612 381 vel
637 344 880 396 longitudine
906 346 1113 393 orationis;
1144 354 1226 397 aut,

97 398 349 451 frequentatis
373 398 628 437 firmamentis
654 399 849 448 orationis,
871 407 908 438 et
926 401 1091 439 breviter
1110 414 1230 463 expo-

96 453 196 502 sitis,
216 453 297 491 vim
312 460 368 491 est
385 452 567 491 habitura
586 466 700 491 causa
718 454 918 503 majorem.
947 454 1002 493 Et
1021 469 1085 493 reo
1106 457 1229 496 rarius

96 508 288 548 utendum
302 514 372 555 est,
394 506 499 558 quod
517 507 698 559 ponenda
716 517 807 547 sunt
826 509 1040 556 contraria3
1062 523 1231 561 quorum

93 561 322 602 dissolutio
311 574 353 599 111
372 561 557 600 brevitate
578 562 737 610 lucebit,
765 563 888 602 aculei
914 573 1102 615 pungent.
1152 566 1229 604 Sed

97 617 169 656 erit
198 617 240 656 in
270 616 558 655 enumeratione
589 616 807 667 vitandum,
839 630 888 656 ne
913 619 1116 657 ostentatio
1146 632 1229 658 me-

97 672 232 712 moriae
257 678 432 723 suscepta
457 670 632 710 videatur
661 685 741 710 esse
765 672 937 724 puerilis.
986 673 1037 711 Id
1055 673 1229 725 effugiet,

98 727 167 779 qui
192 739 271 766 non
295 726 428 765 omnia
452 725 618 764 minima
642 734 801 778 repetet,
826 727 906 775 sed,
926 728 1058 766 brevia
1077 728 1230 780 singula

97 782 305 833 attingens,
325 780 497 833 pondera
515 793 646 819 rerum
665 781 749 833 ipsa
767 782 1076 844 comprehendet.

149 836 321 875 XVIII.
349 838 496 875 Filius.
518 835 718 883 Quoniam
738 844 776 875 et
794 837 871 875 (18
860 851 943 889 ipso
962 845 1111 876 oratore
1126 845 1163 876 et
1183 838 1231 877 de

95 891 267 931 oratione
297 890 444 939 dixisti,
476 903 627 942 expone
652 904 742 929 eum
773 891 872 930 mihi
897 905 1016 941 nunc,
1044 906 1162 945 quem
1182 906 1231 932 ex

96 947 220 985 tribus
240 953 459 985 extremum
474 946 720 997 proposuisti,
738 946 959 998 quaestionis
973 948 1115 986 locum.
1148 949 1231 986 Pa-

98 1006 170 1039 ter.
203 1001 298 1040 Duo
328 1008 420 1039 sunt
446 1003 508 1044 (ut
533 1000 644 1039 initio
663 1001 762 1049 dixi)
783 1002 1043 1053 quaestionum
1062 1014 1230 1053 genera3

98 1069 268 1108 quorum
297 1056 478 1102 alterum,
514 1054 670 1094 finitum
703 1057 942 1108 temporibus
976 1065 1013 1095 et
1044 1057 1231 1108 personis,

98 1124 256 1150 causam
288 1110 468 1162 appello3
499 1109 680 1159 alterum,
711 1110 925 1160 infinitum,
956 1112 1074 1150 nullis
1105 1124 1232 1163 neque

99 1165 271 1218 personis
307 1178 434 1217 neque
470 1166 710 1216 temporibus
747 1174 939 1214 notatum,
989 1167 1232 1218 propositum

99 1233 204 1260 voco.
246 1220 323 1259 Sed
348 1228 405 1259 est
423 1220 653 1259 consultatio
673 1221 784 1272 quasi
802 1234 890 1272 pars
910 1235 1034 1260 causae
1052 1221 1233 1273 quaedam

99 1282 138 1314 et
157 1274 433 1314 controversiae.
464 1274 573 1312 Inest
592 1275 695 1313 enim
715 1275 943 1314 infinitum
932 1289 974 1314 111
989 1276 1173 1323 definit03
1196 1282 1234 1314 et

98 1329 150 1369 ad
167 1330 267 1368 illud
286 1336 416 1368 tamen
431 1328 650 1368 referuntur
665 1330 807 1369 omnia.
838 1330 1108 1379 Quamobrem
1127 1331 1235 1382 prius

101 1384 150 1423 de
164 1384 359 1437 proposito
373 1384 573 1430 dieamus3
595 1385 707 1434 cujus
718 1397 860 1436 genera
878 1394 969 1424 sunt
988 1385 1080 1434 duo,
1101 1385 1233 1446 cogni-

101 1439 218 1478 tionis
248 1439 440 1485 alterum3
471 1439 554 1488 ejus
580 1439 737 1478 scientia
762 1447 818 1478 est
855 1439 957 1488 finis,
994 1448 1053 1489 ut,
1086 1439 1126 1478 V
1129 1440 1234 1478 erine

100 1494 178 1533 sint
196 1506 328 1533 sensus
342 1496 360 1533 ‚⁹
389 1494 555 1532 alterum
581 1494 754 1543 actionis,
776 1494 882 1546 quod
900 1494 1063 1533 refertur
1082 1493 1132 1532 ad
1152 1493 1233 1532 effi-

99 1549 282 1588 ciendum
300 1548 410 1601 quid,
431 1556 490 1597 ut,
512 1548 544 1587 51
563 1556 771 1601 quaeratur,
802 1548 959 1597 Quibus
978 1548 1111 1588 officiis
1137 1549 1235 1587 ami-

100 1604 191 1643 citia
210 1603 369 1642 colenda
387 1603 436 1641 sit
450 1606 468 1642 Ρ
489 1604 642 1643 Rursus
657 1604 861 1656 superioris
875 1616 1017 1655 genera
1030 1611 1121 1642 sunt
1135 1604 1234 1642 tria:

101 1659 175 1709 Sit,
192 1671 311 1697 necne
325 1660 343 1697 ἓ
364 1657 475 1706 Quid
487 1659 567 1699 sit?
589 1658 718 1707 Quale
731 1659 811 1698 sit?
826 1659 898 1706 Sit,
916 1661 1066 1698 necne?
1083 1666 1142 1705 ut,
1158 1659 1186 1696 .J
1191 1672 1237 1698 us

101 1713 144 1752 in
173 1712 315 1752 natura
344 1713 407 1763 sit,
435 1726 487 1752 an
504 1713 545 1752 in
564 1716 704 1752 more?
734 1713 829 1765 quid
855 1721 987 1752 autem
1016 1713 1065 1752 sit
1079 1715 1097 1752 ἓ
1127 1713 1237 1752 Sitne

98 1770 164 1820 jus
181 1768 237 1818 id,
257 1767 363 1820 quod
377 1768 516 1818 majori
534 1768 635 1821 parti
654 1768 703 1807 sit
721 1768 816 1807 utile
831 1770 848 1807 ?
870 1768 985 1820 quale
1003 1775 1135 1806 autem
1155 1767 1203 1806 sit
1218 1770 1236 1807 ,⁹

104 1824 134 1863 J
137 1830 221 1863 uste
240 1823 380 1873 vivere,
401 1823 465 1872 sit,
485 1836 620 1871 necne,
639 1823 766 1862 utile?
795 1823 975 1862 Actionis
1001 1831 1133 1861 autem
1159 1822 1237 1862 duo

106 1886 197 1918 sunt
215 1890 379 1929 genera:
408 1890 550 1926 unum,
583 1878 633 1916 ad
657 1877 967 1930 persequendum
987 1877 1150 1929 aliquid,
1171 1884 1240 1915 aut

108 1932 380 1972 declinandum
400 1946 413 1980 ;
433 1940 492 1981 ut,
514 1933 657 1985 quibus
670 1934 785 1971 rebus
799 1932 958 1985 adipisci
972 1933 1136 1984 gloriam
1151 1945 1240 1983 pos-

108 1989 173 2035 sis,
194 1994 263 2026 aut
281 1988 477 2039 quomodo
495 1987 642 2026 invidia
667 1987 832 2026 vitetur:
864 1988 1044 2036 alterum,
1065 1987 1170 2039 quod
1192 1986 1242 2024 ad

109 2041 269 2094 aliquod
288 2042 537 2081 commodum
551 2056 746 2094 usumque
765 2042 953 2089 refertur3
973 2050 1033 2091 ut,
1054 2040 1241 2094 quemad-

109 2097 274 2137 modum
294 2096 343 2135 sit
360 2097 577 2149 respublica
601 2097 920 2145 administranda,
949 2105 1030 2145 aut,
1055 2095 1243 2148 quemad-

110 2151 274 2191 modum
292 2150 333 2190 in
352 2159 579 2205 paupertate
604 2152 827 2191 vivendum.
872 2152 1025 2191 Rursus
1044 2159 1175 2189 autem
1195 2162 1243 2188 ex

114 2206 344 2260 cognitionis
378 2207 672 2258 consultatione,
705 2207 788 2256 ubi,
824 2206 898 2255 Sit,
933 2219 1051 2247 necne
1086 2205 1148 2256 sit,
1179 2211 1246 2244 aut

851 2273 877 2300 L
900 2262 925 2300 3
