1456 2396
151 93 231 130 202
268 91 351 131 AD
371 93 750 145 HERENNIUM,
771 94 870 134 Lm.
885 94 967 134 III.
988 93 1093 134 CAP.
1109 93 1173 133 16.

150 199 320 238 moniam
347 214 450 247 esse;
484 202 525 240 in
547 210 655 255 gestu
677 215 745 242 nec
767 210 1001 242 venustatem
1025 201 1266 253 conspicuam

150 265 219 290 nec
236 255 510 306 turpitudinem
535 271 626 305 esse,
652 270 700 296 ne
723 266 790 295 aut
810 257 1008 296 histriones
1024 263 1092 295 aut
1107 255 1268 308 operarii

151 307 346 346 videamur
365 322 453 348 esse.
482 311 551 349 Ad
568 312 717 350 easdem
734 312 851 362 igitur
867 318 1006 362 partes,
1023 310 1065 348 in
1083 322 1179 362 quas
1191 322 1268 347 vox

148 368 204 398 est
231 361 444 412 distributa,
476 368 601 403 motus
629 378 781 417 quoque
809 365 970 416 corporis
996 364 1092 402 ratio
1118 363 1269 401 videtur

149 427 227 452 esse
251 418 578 457 accommodanda.
620 420 740 467 Nam,
761 419 792 457 si
809 419 879 457 erit
896 431 1018 457 sermo
1035 430 1124 456 cum
1141 416 1268 467 digni-

149 475 253 515 tate3
295 478 433 510 stantes
463 473 505 510 in
532 473 701 524 vestigio,
732 474 807 512 levi
836 473 1000 511 dexterae
1024 478 1134 510 motu
1159 471 1268 521 loqui

148 524 348 573 oportebit,
371 526 572 575 hilaritate,
599 528 762 575 tristitia,
787 527 1043 565 mediocritate
1066 525 1193 564 vultfis
1217 523 1269 561 ad

148 579 330 617 sermonis
348 581 548 619 sententias
566 581 871 620 accommodata:
897 581 954 618 sin
969 580 1038 618 erit
1050 579 1091 617 in
1108 578 1267 616 demon-

148 631 326 670 stratione
357 647 505 681 sermo3
534 635 737 686 paululum
767 649 901 686 corpus
926 648 949 672 a
972 633 1176 672 cervicibus
1200 631 1267 669 de-

148 685 368 725 mittemus:
400 691 506 732 (nam
527 689 599 727 hoc
621 697 675 727 est
697 703 719 727 a
743 690 881 727 natura
902 688 1052 735 datum,
1077 693 1123 724 ut
1146 698 1266 737 quam

147 739 321 788 proxime
347 749 432 779 tum
457 744 609 781 vultum
634 743 903 782 admoveamus
929 742 979 780 ad
1005 741 1205 788 auditores,
1234 738 1268 777 si

146 805 266 842 quam
283 807 365 832 rem
389 796 520 835 docere
545 810 620 844 eos,
647 805 684 835 et
708 797 947 835 vehementer
971 795 1149 846 instigare
1172 792 1267 831 veli-

147 858 235 885 mus
248 854 279 895 z)
299 848 356 886 sin
375 851 444 888 erit
461 850 502 888 in
523 852 735 889 narratione
757 864 904 897 sermo,
932 850 1035 888 idem
1052 855 1180 886 motus
1195 859 1266 899 po-

146 900 233 938 terit
249 901 406 941 idoneus
425 917 516 952 esse,
536 905 603 955 qui
621 905 736 955 paulo
759 912 847 943 ante
871 903 1199 943 demonstrabatur
1223 900 1267 938 in

144 953 355 1004 dignitate:
390 957 447 995 sin
475 958 516 995 in
541 959 755 1008 jocatione3
790 959 899 997 vultu
918 957 1126 1010 quamdam
1152 955 1267 993 debe-

145 1008 273 1047 bimus
289 1010 518 1050 hilaritatem
537 1012 757 1063 significare,
779 1013 858 1051 sine
875 1011 1170 1050 commutatione
1183 1021 1267 1069 ges-

146 1065 218 1100 tus.
266 1064 308 1102 Si
336 1066 605 1104 contendemus
632 1079 699 1117 per
726 1066 1074 1111 continuationem3
1111 1062 1267 1102 brachio

145 1117 269 1164 celeri,
298 1119 432 1157 mobili
456 1120 580 1168 vultu,
605 1120 682 1157 acri
699 1120 877 1172 adspectu
891 1127 1068 1157 utemur:
1103 1117 1163 1156 sin
1176 1128 1266 1154 con-

145 1171 263 1208 tentio
282 1172 346 1209 fiet
363 1186 430 1222 per
447 1173 774 1220 distributionem3
805 1173 915 1212 celeri
935 1172 1163 1225 projectione
1179 1171 1266 1208 bra-

144 1224 234 1271 Chfia
258 1225 570 1276 inambulatione,
596 1227 702 1278 pedis
726 1227 849 1266 dextri
874 1227 960 1265 rara
983 1224 1265 1277 supplausione,

143 1278 222 1315 acri
240 1286 277 1316 et
294 1279 419 1318 defixo
437 1281 629 1333 adspectu,
649 1281 708 1319 uti
724 1282 922 1333 oportebit.
963 1281 1005 1320 Si
1018 1287 1171 1318 utemur
1181 1291 1266 1316 am-

145 1331 374 1381 plificatione
391 1348 458 1385 per
476 1335 770 1374 cohortationem
784 1349 796 1382 3
822 1335 937 1387 paulo
950 1334 1113 1373 tardiore
1126 1340 1163 1372 et
1176 1345 1265 1370 con-

145 1385 359 1426 sideratiore
369 1396 478 1439 gestu
494 1389 688 1428 conveniet
701 1390 773 1438 uti,
787 1389 974 1427 similibus
987 1387 1128 1428 caeteris
1138 1387 1265 1434 rebus,

145 1447 260 1491 atque
284 1442 324 1478 in
349 1443 586 1482 contentione
603 1457 670 1495 per
687 1443 1030 1482 continuationem:
1061 1441 1092 1480 si
1109 1448 1264 1478 utemur

145 1495 438 1545 amplificatione
461 1511 528 1549 per
550 1498 869 1549 conquestionem,
891 1496 1043 1536 feminis
1065 1495 1262 1548 plangore,

146 1555 183 1585 et
201 1549 332 1600 capitis
345 1550 437 1598 ictu,
453 1564 730 1603 nonnunquam
745 1552 872 1590 sedato
885 1559 922 1589 et
940 1549 1124 1589 constanti
1137 1555 1261 1600 gestu,

145 1611 278 1641 moesto
296 1611 333 1641 et
357 1607 579 1643 conturbato
603 1606 728 1654 vultu,
747 1606 805 1643 uti
827 1604 1024 1657 oportebit.
1057 1604 1151 1642 Non
1175 1614 1262 1640 sum

144 1657 305 1705 nescius,
325 1666 513 1708 quantum
531 1660 756 1711 susceperim
774 1659 928 1710 negotii,
949 1658 1016 1710 qui
1033 1664 1160 1695 motus
1181 1668 1263 1716 cor-

144 1710 246 1761 poris
265 1712 474 1762 exprimere
492 1714 627 1761 verbis,
646 1714 786 1751 imitari
804 1713 988 1764 scriptura
1009 1718 1165 1750 conatus
1189 1722 1263 1747 s1m

145 1777 264 1803 voces.
293 1765 441 1803 Verum
460 1779 527 1805 nec
545 1768 616 1806 hoc
634 1768 795 1806 confisus
813 1780 899 1805 sum
916 1779 1024 1818 posse
1041 1765 1135 1809 fieri,
1155 1770 1199 1801 ut
1215 1763 1264 1824 de

145 1818 204 1856 his
222 1821 334 1857 rebus
353 1821 440 1858 satis
458 1821 654 1859 commode
672 1822 781 1860 scribi
798 1828 946 1873 posset3
974 1832 1056 1868 nec,
1077 1819 1108 1857 si
1125 1818 1165 1855 id
1182 1817 1264 1855 fieri

144 1883 222 1910 non
253 1881 390 1923 posset,
423 1874 507 1921 hoc,
541 1875 644 1926 quod
676 1876 760 1924 feci,
792 1875 872 1913 fore
901 1874 1036 1911 inutile
1061 1873 1262 1924 putabam,

144 1934 341 1977 propterea
365 1929 467 1979 quod
490 1929 553 1967 hic
578 1929 778 1968 admonere
802 1928 1006 1974 voluimus,
1034 1926 1128 1978 quid
1151 1937 1264 1976 opor-

144 1988 261 2018 teret:
291 1981 438 2032 reliqua
462 1983 654 2022 trademus
679 1982 943 2022 exercitationi.
985 1981 1072 2019 Hoc
1097 1979 1188 2018 scire
1204 1986 1262 2016 ta-

143 2046 232 2071 men
251 2042 409 2085 oportet,
429 2037 773 2087 pronuntiationem
791 2039 930 2076 bonam
947 2035 988 2074 id
1009 2033 1198 2087 perficere,
1217 2039 1264 2070 ut

143 2101 201 2126 res
220 2101 267 2126 ex
285 2089 413 2127 animo
431 2090 493 2140 agi
511 2091 692 2128 videatur.

198 2142 317 2180 XVI.
346 2143 464 2181 Nunc
481 2143 530 2182 ad
547 2145 767 2183 thesaurum
791 2145 1046 2190 inventorum,
1073 2148 1187 2200 atque
1211 2138 1260 2176 ad

142 2196 316 2235 omnium
348 2197 514 2249 partium
546 2198 740 2239 rhetoricae
775 2198 984 2247 custodem,
1021 2205 1258 2242 memoriam,
