1456 2396
208 86 284 124 152
331 84 415 123 AD
450 83 831 133 HERENNIUM,
848 84 948 123 Lus.
965 85 1000 124 I.
1017 85 1129 125 CM».-
1143 85 1204 124 12.

201 193 381 245 scapham
400 193 710 243 conscenderunt,
730 201 866 245 praeter
883 204 1007 232 unum
1025 200 1224 244 aegromm.
1262 195 1319 242 154

197 255 351 299 propter
369 250 562 295 morbum,
584 248 686 286 exire
705 256 742 286 et
769 247 901 299 fugere
926 259 1004 285 non
1031 247 1167 298 potuit.
1215 248 1317 286 Casu

197 309 235 339 et
270 301 430 339 fortuitu
467 303 575 340 navis
603 302 644 339 in
674 310 829 353 portum
861 301 1063 339 incolumis
1095 301 1222 340 delata
1247 311 1314 340 est.

200 355 318 393 Illam
337 363 499 406 aegrotus
518 355 693 408 possidet.
728 356 769 393 N
772 355 874 394 avim
892 355 987 406 petit
1005 355 1084 401 1113,
1104 356 1215 405 cujus
1232 355 1318 394 fue-

197 416 267 447 rat.
309 409 407 447 Haec
432 409 648 448 constitutio
673 409 845 460 legitima
873 416 928 447 est
954 422 1001 447 ex
1021 409 1159 460 scripto
1177 418 1215 448 et
1233 422 1317 448 sen-

195 463 326 501 tentia.
374 463 440 501 Ex
469 463 663 502 contrariis
691 463 840 514 legibus
872 463 1123 502 controversia
1155 470 1314 510 constat,

197 529 288 554 cum
306 517 382 555 3113
397 517 462 555 lex
477 519 587 567 jubet
606 525 673 555 aut
685 517 885 569 permittit,
901 517 977 554 alia
994 524 1096 554 vetat
1115 492 1314 578 quidpiam

197 571 293 619 fieri,
312 571 384 620 hoc
401 571 540 609 modo:
572 571 656 609 Lex
675 579 777 609 vetat
795 584 899 619 eum,
921 570 989 622 qui
1007 570 1055 608 de
1072 571 1243 622 pecuniis
1254 584 1314 609 re-

196 617 374 675 petundis
392 625 596 663 damnatus
611 625 672 673 sit,
688 625 730 663 in
749 626 927 664 concione
938 624 1148 663 orationem
1162 624 1312 663 habere.

196 678 334 717 Altera
362 679 426 717 lex
449 681 558 729 jubet
583 692 784 730 augurem,
806 679 847 717 in
872 678 1063 717 demortui
1087 678 1217 716 locum
1243 679 1322 730 qui⁴

194 739 313 783 petat,
333 732 374 770 in
393 734 569 772 concione
587 733 796 771 nominare.
843 733 987 783 Augur
1005 732 1179 783 quidam,
1207 732 1316 770 dam-

195 793 309 824 natus
327 787 375 825 de
392 787 563 838 pecuniis
581 787 814 838 repetundis,
834 787 875 825 in
895 787 1086 825 demortui
1102 786 1232 825 locum
1247 799 1316 825 no-

194 839 367 878 minavit.
398 841 547 879 Petitur
565 843 613 879 ab
633 854 677 879 eo
694 841 830 879 multa.

249 894 351 932 XII.
389 894 620 933 Constitutio
649 895 730 933 haec
758 895 931 956 1381(11113
960 901 1016 933 35(
1045 906 1093 932 ex
1123 893 1321 932 contrariis

194 948 355 1009 legibus.
385 948 450 986 Ex
469 949 650 1000 ambiguo
669 949 920 987 controversia
939 948 1121 995 nascitur,
1137 960 1227 987 cum
1240 961 1314 995 rae,

194 1001 235 1039 in
261 1014 380 1040 unam
400 1003 625 1041 sententiam
644 1003 794 1054 scripta,
816 1003 911 1041 duas
930 1010 997 1040 aut
1015 1002 1145 1053 plurae
1165 1009 1315 1040 senten-

194 1055 266 1093 tias
285 1056 486 1106 5181111133(,
506 1057 578 1095 1103
596 1057 735 1095 modo:
768 1056 1046 1095 Paterfamilias
1073 1068 1163 1093 cum
1187 1055 1313 1093 filium

193 1108 382 1147 haeredem
400 1110 552 1159 faceret,
574 1118 798 1148 testamento
816 1124 906 1148 vasa
931 1117 1108 1160 argentea
1133 1109 1244 1147 uxori
1262 1110 1317 1148 le-

192 1163 307 1212 gavit.
355 1164 525 1211 Tullius,
552 1164 671 1202 haeres
689 1177 811 1212 meus,
834 1164 1038 1212 Terentiae,
1065 1163 1177 1201 uxori
1203 1175 1314 1209 meae,

194 1216 320 1254 XXX
339 1217 467 1268 pondo
485 1230 663 1255 vasorum
682 1226 944 1268 argenteorum
967 1217 1069 1263 dato,
1089 1230 1177 1268 quae
1200 1217 1313 1255 volet.

194 1270 287 1308 Post
304 1278 468 1309 mortem
487 1272 584 1319 ejus,
606 1285 696 1309 vasa
709 1272 886 1322 pretiosa,
901 1278 938 1309 et
952 1271 1083 1308 caelata
1093 1270 1310 1320 magnifice,

191 1324 286 1374 petit
304 1325 454 1362 mulier.
493 1325 651 1363 Tullius
670 1338 723 1370 53,
744 1339 831 1376 quae
849 1325 929 1375 ipse
948 1324 1051 1371 velit,
1072 1324 1198 1362 XXX
1217 1337 1314 1375 pon-

193 1377 242 1415 do
263 1378 298 1415 ei
317 1378 452 1416 debere
471 1378 573 1416 dicit.
605 1379 836 1416 Constitutio
855 1386 911 1416 aet
927 1378 1101 1429 legitima
1122 1391 1170 1416 ex
1190 1378 1314 1416 ambi-

193 1444 281 1481 guo.
312 1431 377 1469 Ex
396 1432 614 1470 definitione
633 1440 778 1470 constat
797 1445 923 1479 causa,
937 1444 1027 1470 cum
1039 1432 1080 1469 111
1100 1439 1313 1470 controver-

193 1485 249 1522 sia
268 1493 337 1533 est,
357 1499 433 1537 quo
452 1486 608 1524 nomine
626 1486 772 1524 factum
783 1486 1006 1537 appelletur.
1035 1485 1098 1523 Ea
1112 1492 1168 1524 aet
1177 1486 1314 1534 hujus-

192 1539 322 1576 modi:
355 1540 456 1578 Cum
483 1540 531 1578 L.
559 1540 787 1578 Saturninus
814 1541 939 1591 legem
957 1539 1248 1577 frumentariam
1266 1539 1314 1577 de

191 1593 409 1632 semissibus
429 1602 464 1632 et
484 1594 683 1632 trientibus
701 1594 848 1632 laturus
868 1600 976 1641 esset,
998 1593 1050 1640 Q.
1072 1593 1218 1644 Caepio,
1246 1593 1313 1644 qui

190 1659 259 1696 per
273 1646 313 1683 id
325 1647 504 1698 temporis
517 1657 682 1700 quaestor
693 1650 863 1687 urbanus
875 1654 967 1695 erat,
981 1646 1110 1685 docuit
1122 1654 1312 1694 senatum,

192 1700 368 1738 aerarium
386 1702 467 1752 pati
481 1714 557 1740 non
572 1715 680 1753 posse
693 1701 934 1753 largitionem
945 1708 1105 1738 tantam.
1151 1701 1314 1739 Senatus

192 1753 370 1797 decrevit,
398 1755 429 1792 51
458 1768 542 1793 33111
567 1756 692 1806 1383111
711 1756 760 1793 3(1
784 1756 975 1807 populum
1002 1754 1113 1803 ferat,
1134 1754 1313 1792 adversus

191 1808 469 1859 rempublicam
488 1809 606 1847 videri
619 1822 707 1847 eum
726 1809 859 1848 facere.
890 1808 1118 1848 Saturninus
1132 1807 1229 1846 ferre
1243 1821 1315 1846 coe·

191 1860 269 1911 pit:
287 1862 442 1913 collegae
452 1862 700 1901 intercedere:
714 1863 780 1901 1113
793 1862 1042 1901 11111110111111115
1054 1861 1238 1900 cistellam
1250 1861 1316 1899 de-

192 1915 293 1953 tulit.
314 1915 459 1966 Caepio,
470 1925 514 1955 ut
524 1917 637 1955 illum
648 1925 779 1955 contra
790 1916 1189 1961 senatus-consultum,
1197 1915 1314 1953 inter-

192 1968 412 2007 cedentibus
425 1970 591 2021 collegis,
607 1969 807 2019 [adversus
817 1971 1115 2022 rempublicam]
1129 1968 1225 2006 vidit
1237 1968 1314 2007 fer-

190 2033 248 2069 re,
263 2035 353 2061 311111
365 2023 454 2062 viris
468 2025 578 2062 bonis
591 2025 782 2076 impetum
799 2024 913 2071 facit3
942 2032 1076 2076 pontes
1094 2023 1310 2068 disturbat;

192 2076 302 2115 cistas
330 2076 484 2126 dejicit:
514 2078 790 2130 impedimento
816 2086 885 2126 est,
916 2090 994 2130 quo
1023 2077 1142 2116 secius
1168 2050 1314 2115 feratui·

195 2129 271 2169 lex.
301 2130 519 2171 Arcessitur
537 2132 669 2185 Caepio
686 2133 907 2183 majestatis.
938 2131 1170 2172 Constitufio
1189 2136 1244 2169 est
1262 2129 1317 2168 le.-
