1456 2396
213 104 292 144 322
323 95 819 145 'ACADEMICORUM
839 102 939 143 11113.
960 101 1020 142 11.
1044 100 1150 151 cn.
1168 99 1234 149 28,

270 216 299 236 ‘⁸
319 213 474 261 Incede,
503 213 662 259 incede3
691 206 845 262 adsunt,
875 210 1042 250 adsunt:
1070 220 1149 258 me,
1175 218 1240 246 me
1257 218 1324 245 ex-

373 269 551 320 petunt.”

216 354 326 402 Quid
342 357 358 394 ?
387 368 477 393 cum
495 354 651 407 virginis
670 354 785 393 fidem
800 355 981 406 implorat
997 367 1007 390 ε

269 430 298 451 “
318 428 391 466 Fer
409 429 465 466 mi
485 428 697 466 auxilium:
727 436 871 479 pestem
887 427 997 477 abige
1015 440 1039 464 a
1054 438 1119 464 me
1132 439 1144 463 z

269 482 558 520 Flammiferam
577 482 675 520 hanc
694 482 788 530 vim,
808 495 894 533 quae
912 493 975 519 me
988 479 1192 519 excruciat.

269 536 465 582 Coeruleae,
485 535 655 573 incinctae
673 536 767 586 igni,
787 535 991 574 incedunt:

270 589 527 628 Circumstant
545 602 630 627 cum
653 589 871 628 ardentibus
890 587 1039 626 taedis.”

215 683 327 722 Num
345 683 510 731 dubitas,
529 683 624 735 quin
643 683 715 722 sibi
732 683 814 722 haec
832 683 960 722 videre
978 682 1152 722 videatur
1168 683 1187 720 ?
1214 681 1325 719 item-

215 751 291 789 que
309 744 467 776 caetera:

270 825 300 846 ‘⁶
321 823 493 862 Intendit
511 824 666 862 crinitus
685 824 831 876 Apollo

267 878 420 915 Arcum
432 885 623 925 auratum,
643 878 737 916 luna
755 877 923 916 innixus.

269 930 400 969 Diana
416 931 539 969 facem
554 932 646 981 jacit
665 945 688 970 a
705 932 842 970 laevass’

216 1017 300 1067 Qui
325 1019 448 1070 magis
473 1019 554 1058 haec
579 1020 759 1068 crederet,
780 1020 811 1058 si
837 1026 974 1065 essent,
994 1031 1112 1070 quam
1135 1015 1324 1062 credebat,

216 1073 309 1124 quia
327 1073 583 1112 videbantur?
624 1074 801 1124 Apparet
820 1075 922 1112 enim
938 1074 1021 1122 jam
1048 1085 1111 1110 cor
1129 1083 1219 1110 cum
1237 1082 1327 1108 ocu-

215 1126 263 1163 lis
291 1127 510 1165 consentire.
554 1127 700 1166 Omnia
729 1135 857 1165 autem
882 1127 964 1165 haec
991 1126 1249 1177 proferuntur,
1283 1130 1328 1160 ut

214 1180 315 1217 illud
340 1180 534 1229 efficiatur,
560 1194 636 1231 quo
663 1181 799 1218 certius
825 1181 923 1218 nihil
949 1187 1072 1231 potest
1099 1191 1196 1216 esse:
1226 1177 1326 1214 inter

216 1233 297 1271 visa
315 1247 403 1271 vera
417 1242 453 1271 et
469 1233 581 1282 falsa,
599 1234 647 1272 ad
666 1234 784 1272 animi
799 1247 1008 1280 assensum,
1024 1232 1121 1270 nihil
1135 1232 1325 1270 interesse.

216 1286 298 1324 Vos
316 1295 445 1325 autem
464 1287 561 1325 nihil
579 1289 702 1339 agitis,
719 1301 808 1326 cum
826 1288 922 1326 falsa
938 1287 1006 1325 illa
1018 1287 1079 1325 vel
1095 1285 1326 1324 furiosorum

214 1341 275 1378 vel
308 1341 596 1391 somniantium,
634 1341 888 1381 recordatione
923 1340 1108 1392 ipsorum,
1141 1337 1323 1378 refellitis.

215 1394 311 1432 Non
338 1395 439 1433 enim
466 1395 507 1432 id
526 1396 721 1447 quaeritur,
742 1396 865 1448 qualis
884 1394 1091 1434 recordatio
1109 1392 1191 1431 fieri
1210 1392 1329 1430 soleat

217 1461 349 1486 eorum
387 1449 454 1500 qui
485 1450 690 1501 experrecti
724 1449 813 1498 sint,
846 1457 913 1487 aut
943 1461 1074 1487 eorum
1103 1447 1171 1498 qui
1201 1446 1327 1484 furere

216 1502 426 1540 destiterint
441 1517 452 1548 3
484 1504 548 1541 sed
561 1503 683 1554 qualis
702 1503 795 1541 visio
813 1503 942 1549 fuerit,
958 1509 1025 1540 aut
1037 1501 1247 1539 furentium
1259 1505 1327 1537 aut

215 1556 503 1606 somniantium,
524 1565 609 1594 tum
628 1570 717 1595 cum
742 1558 1090 1596 commovebantur.
1137 1554 1213 1593 Sed
1231 1554 1325 1591 abeo

213 1622 238 1647 a
256 1610 439 1648 sensibus.

269 1663 377 1710 Quid
391 1671 460 1711 est,
476 1664 580 1716 quod
593 1664 737 1703 ratione
747 1664 889 1716 percipi
903 1663 1021 1715 possit
1033 1664 1052 1701 ?
1076 1660 1326 1700 Dialectioem

213 1715 409 1755 inventam
429 1731 506 1756 esse
530 1718 667 1766 dicitis,
687 1719 766 1756 veri
791 1725 828 1756 et
849 1718 935 1756 falsi
957 1716 1066 1769 quasi
1090 1714 1325 1766 disceptatri-

215 1783 313 1819 cem,
334 1779 370 1808 et
385 1771 568 1820 judicem.
597 1772 719 1821 Cujus
738 1772 816 1810 veri
834 1779 872 1810 et
888 1771 1005 1809 falsi?
1035 1777 1073 1808 et
1089 1769 1130 1807 in
1152 1769 1230 1820 qua
1251 1780 1291 1806 re
1304 1770 1323 1806 ?

214 1825 264 1863 In
283 1825 552 1875 geometriane,
573 1826 667 1877 quid
685 1826 734 1864 sit
751 1838 884 1864 verum
903 1824 964 1862 vel
979 1824 1135 1869 falsum,
1155 1821 1325 1860 dialecti-

215 1891 282 1917 cus
310 1878 511 1928 judicabit,
533 1892 581 1917 an
609 1879 649 1916 in
667 1880 799 1927 literis,
821 1886 888 1916 aut
905 1878 946 1916 in
963 1877 1150 1916 musicis?
1193 1876 1252 1914 At
1280 1888 1325 1913 ea

214 1944 293 1970 non
311 1932 427 1970 novit.
471 1933 520 1970 In
542 1932 782 1984 philosophia
806 1932 956 1984 igitur?
986 1932 1053 1970 Sol
1074 1937 1241 1982 quantus
1259 1929 1322 1977 sit,

215 1985 311 2037 quid
329 1985 378 2023 ad
395 1986 506 2024 illum
525 1989 543 2025 ἶ)
573 1986 676 2037 quod
694 1987 741 2025 sit
760 1998 957 2024 summum
970 1987 1130 2032 bonum,
1147 1983 1242 2035 quid
1254 1982 1325 2020 ha-

214 2040 293 2087 bet,
313 2047 357 2077 ut
371 2048 485 2091 queat
499 2040 699 2089 judicare?
729 2040 823 2092 quid
842 2040 958 2091 igitur
972 2038 1191 2089 judicabit?
1220 2036 1322 2085 Quae

214 2094 443 2142 conjunctio,
469 2107 556 2146 quae
584 2094 787 2143 disjunctio
811 2106 900 2131 vera
930 2093 992 2141 sit,
1024 2092 1117 2144 quid
1142 2091 1323 2141 ambigue

213 2147 358 2186 dictum
377 2147 439 2197 sit,
459 2148 552 2200 quid
566 2155 747 2200 sequatur
760 2160 954 2200 quamque
967 2159 1064 2196 rem,
1079 2145 1174 2198 quid
1184 2156 1325 2196 repug-
