1456 2396
255 73 340 115 AD
358 72 743 124 HERENNIUM,
764 74 865 115 Lm.
880 74 956 116 IV.
978 76 1084 118 CAP.
1098 78 1164 118 32.
1208 77 1290 120 239

158 183 232 224 nisi
247 182 520 223 Alexandrum
541 183 811 235 perculerunt;
840 185 945 226 hunc
967 187 1222 240 exstinguere,
1248 189 1290 228 id

157 238 342 278 nimirum
360 238 446 289 capi
461 237 538 276 fuit
555 238 759 287 Trojam.”

210 292 375 332 XXXI.
406 293 569 330 Restant
586 293 702 330 etiam
721 292 850 331 decem
874 295 1136 336 exornationes
1154 299 1288 337 verbo-

154 361 258 395 rum,
279 359 375 399 quas
393 346 530 385 idcirco
548 358 626 384 non
645 359 740 397 vage
764 347 1022 400 dispersimus,
1050 351 1115 390 sed
1133 365 1156 390 a
1174 366 1287 404 supe-

152 402 316 441 rioribus
340 400 611 453 separavimus,
632 401 737 452 quod
755 415 886 441 omnes
904 404 945 442 in
963 417 1041 443 uno
1063 419 1199 457 genere
1217 420 1288 459 po-

152 457 235 496 sitae
253 463 355 494 sunt.
385 456 493 494 Nam
511 468 643 493 earum
658 456 833 494 omnium
852 457 924 496 hoc
942 461 1141 511 proprium
1156 470 1224 509 est,
1241 470 1287 500 ut

150 513 201 550 ab
232 510 373 549 usitata
403 511 608 549 verborum
639 518 823 562 potestate
853 513 1063 562 recedatur,
1098 523 1213 567 atque
1243 517 1285 555 in

148 566 267 604 aliam
289 565 474 604 rationem
495 577 585 603 cum
611 565 780 616 quadam
799 575 997 605 venustate
1020 570 1138 608 oratio
1158 571 1286 609 confe-

148 628 268 659 ratur.
294 619 358 658 De
370 619 510 671 quibus
524 619 832 658 exornat-,ionibus
847 621 1057 660 nominatio
1072 632 1127 662 est
1140 624 1282 675 prima,

148 689 237 728 quae
254 686 324 712 nos
343 674 535 721 admonet,
556 680 614 721 ut,
635 674 697 712 cui
715 674 770 713 rei
787 687 928 713 nomen
948 684 1015 714 aut
1034 689 1110 715 non
1131 679 1191 727 sit,
1213 688 1281 719 aut

146 729 238 768 satis
261 728 443 767 idoneum
467 740 545 766 non
568 728 629 775 sit,
651 741 737 766 eam
755 738 904 768 nosmet
921 730 1057 769 idoneo
1075 735 1190 771 verbo
1209 746 1279 772 no-

145 784 353 830 minemus,
384 790 454 821 aut
479 782 701 822 imitationis
731 791 799 822 aut
835 784 1118 836 significationis
1151 789 1278 827 causa.

143 838 391 886 Imitationis,
411 837 484 877 hoc
502 837 631 885 modo,
652 845 697 876 ut
709 839 872 888 majores
891 841 1045 887 rudere,
1067 849 1104 879 et
1125 845 1276 892 vagire,

145 901 184 933 et
201 895 371 944 mugire,
393 899 430 930 et
447 905 714 940 murmurare,
729 901 766 931 et
785 895 953 943 sibilare,
974 895 1276 947 appellaverunt.

144 947 414 1000 Significandae
431 946 486 985 rei
504 947 632 996 causa,
653 947 726 986 sic:
753 950 782 970 “
799 948 1011 1000 Postquam
1030 950 1100 989 iste
1119 951 1159 988 in
1178 964 1280 990 rem-

142 1003 339 1055 publicam
357 1001 446 1040 fecit
462 1001 667 1054 impetum,
687 1002 815 1053 fragor
834 1003 994 1042 civitatis
1012 1004 1203 1056 imprimis
1222 1015 1279 1045 est

143 1057 339 1096 auditus.'’
367 1057 455 1095 Hoc
468 1069 604 1108 genere
618 1069 702 1094 raro
715 1056 904 1095 utendum
919 1066 988 1105 est,
1004 1071 1053 1097 ne
1068 1060 1158 1098 novi
1172 1062 1278 1100 verbi

141 1112 343 1151 assiduitas
360 1111 493 1150 odium
512 1111 654 1163 pariat:
680 1111 745 1150 sed
765 1112 795 1150 si
810 1113 1009 1151 commode
1023 1113 1109 1165 quis
1128 1127 1171 1153 eo
1190 1124 1277 1154 uta-

142 1173 221 1216 tur,
241 1175 279 1206 et
296 1178 394 1214 raro,
414 1178 492 1204 non
509 1165 625 1204 modo
643 1179 720 1204 non
738 1166 904 1205 offendet
922 1168 1102 1217 novitate,
1124 1170 1189 1208 sed
1209 1183 1276 1208 ex-

141 1222 294 1261 ornabit
328 1221 444 1260 etiarn
480 1221 701 1259 orationem.
751 1221 1040 1261 Pronominatio
1069 1231 1138 1271 est,
1171 1238 1274 1276 quae,

141 1276 254 1315 sicuti
281 1275 507 1328 cognomine
536 1275 705 1327 quodam
738 1283 931 1324 extraneo,
965 1276 1200 1317 demonstrat
1218 1280 1274 1328 id,

141 1331 248 1384 quod
273 1343 342 1369 suo
366 1330 521 1369 nomine
544 1329 738 1382 appellari„
752 1343 830 1369 non
854 1339 1004 1383 potest;
1034 1340 1092 1380 ut,
1117 1333 1149 1371 si
1171 1334 1273 1385 quis,

139 1399 231 1425 cum
260 1385 440 1437 loquatur
468 1384 516 1423 de
542 1385 739 1433 Gracchis,
772 1387 800 1408 ‘⁶
816 1386 876 1425 At
900 1398 977 1425 non
1002 1387 1180 1426 Africani
1205 1401 1274 1427 ne-

137 1440 288 1494 potes,”
308 1440 470 1493 inquiet,
491 1441 520 1462 “
535 1439 749 1478 istiusmodi
762 1440 961 1479 fuerunt.”
990 1442 1107 1489 Item,
1124 1443 1155 1480 si
1170 1444 1272 1495 quis,

138 1496 188 1534 de
216 1495 428 1533 adversario
457 1507 546 1533 cum
576 1494 701 1533 dicat:
738 1497 767 1517 ‘⁶
784 1495 923 1534 Videte
951 1497 1097 1543 nunc,''
1128 1497 1272 1549 inquit,

139 1551 170 1574 “
187 1550 347 1600 judices,
369 1548 697 1601 quemadmodum
715 1561 779 1588 me
798 1549 1066 1602 Plagiosippus
1085 1551 1154 1590 iste
1173 1560 1273 1592 trac-

137 1604 269 1643 tas-iw'
303 1604 392 1642 Hoc
409 1611 520 1656 pacto
538 1616 615 1642 non
634 1603 806 1642 inornate
823 1605 1047 1656 poterimus,
1069 1613 1106 1644 et
1126 1606 1167 1645 in
1185 1607 1273 1646 lau-

135 1659 264 1698 dando
291 1666 329 1698 et
355 1658 396 1697 in
425 1658 612 1707 laedendo,
643 1666 711 1697 aut
739 1671 906 1711 corpore,
938 1668 1007 1698 aut
1031 1660 1175 1709 animo,
1203 1670 1271 1700 aut

136 1713 326 1753 extraneis
351 1714 478 1761 rebus,
509 1713 645 1762 dicere,
680 1713 791 1752 sicuti
820 1727 1045 1767 cognomen,
1071 1716 1176 1768 quod
1199 1729 1271 1769 pro

134 1777 237 1809 certo
255 1768 409 1807 nomine
427 1768 665 1807 collocemus.

190 1823 380 1862 XXXII.
409 1822 683 1861 Denominatio
712 1830 781 1872 est,
809 1837 897 1876 quae
925 1837 948 1863 a
975 1824 1202 1878 propinquis
1230 1834 1268 1865 et

134 1878 309 1917 finitimis
332 1878 445 1917 rebus
467 1877 584 1917 trahit
607 1878 831 1926 orationem,
859 1878 939 1931 qu'a
963 1880 1081 1931 possit
1104 1880 1269 1932 intelligi

132 1946 207 1981 res,
227 1945 315 1985 quae
331 1944 409 1970 non
428 1945 497 1971 suo
521 1933 706 1972 vocabulo
731 1932 781 1971 sit
805 1934 1008 1985 appellata.
1050 1933 1099 1973 Id
1125 1942 1193 1973 aut
1218 1937 1268 1974 ab

132 1988 328 2027 inventore
349 1987 560 2036 conficitur,
580 1995 625 2026 ut
643 1987 675 2026 si
699 1988 800 2040 quis,
828 1988 876 2027 de
898 1988 1066 2041 Tarpeio
1090 1989 1265 2041 loquens,

132 2055 224 2082 eum
252 2041 515 2094 Capitolinum
541 2042 739 2081 nominet:
780 2050 850 2081 aut
882 2044 931 2081 ab
960 2043 1129 2092 invento,
1161 2052 1206 2082 ut
1236 2044 1267 2083 si

132 2097 219 2151 quis
237 2108 307 2148 pro
325 2096 467 2135 Libero
484 2096 637 2145 vinum,
654 2109 725 2149 pro
744 2096 881 2136 Cerere
898 2097 1051 2150 frugem
1070 2098 1262 2150 appellet:

129 2159 200 2191 aut
217 2153 266 2190 ab
282 2150 536 2190 instrumento
554 2151 771 2200 dominum,
792 2160 838 2191 ut
861 2152 893 2190 si
918 2152 1004 2204 quis
1030 2152 1266 2191 Macedonas

129 2205 333 2261 appellarit
350 2205 422 2246 hoc
440 2205 577 2246 modo:
619 2209 647 2230 ‘⁶
662 2206 755 2247 Non
770 2215 850 2246 tam
865 2207 939 2247 cito
954 2207 1098 2248 sarissae
1113 2206 1265 2248 Graecia
