<?xml version="1.0" encoding="UTF-8"?>
<!DOCTYPE html PUBLIC "-//W3C//DTD XHTML 1.0 Transitional//EN"
    "http://www.w3.org/TR/xhtml1/DTD/xhtml1-transitional.dtd">
<html xmlns="http://www.w3.org/1999/xhtml" xml:lang="en" lang="en">
 <head>
  <title>
</title>
<meta http-equiv="Content-Type" content="text/html;charset=utf-8" />
  <meta name='ocr-system' content='tesseract 3.04.00' />
  <meta name='ocr-capabilities' content='ocr_page ocr_carea ocr_par ocr_line ocrx_word'/>
</head>
<body>
  <div class='ocr_page' id='page_1' title='image "./operaern02ciceuoft_0403.png"; bbox 0 0 1456 2396; ppageno 0'>
   <div class='ocr_carea' id='block_1_1' title="bbox 315 103 1282 152">
    <p class='ocr_par' dir='ltr' id='par_1_1' title="bbox 315 103 1282 152">
     <span class='ocr_line' id='line_1_1' title="bbox 315 103 1282 152; baseline 0.002 -9"><span class='ocrx_word' id='word_1_1' title='bbox 315 103 396 144; x_wconf 90' lang='lat' dir='ltr'>DE</span> <span class='ocrx_word' id='word_1_2' title='bbox 426 103 681 152; x_wconf 75' lang='lat' dir='ltr'>FINIBUS,</span> <span class='ocrx_word' id='word_1_3' title='bbox 713 103 814 142; x_wconf 77' lang='lat' dir='ltr'>Lm.</span> <span class='ocrx_word' id='word_1_4' title='bbox 838 103 897 142; x_wconf 88' lang='lat'>11.</span> <span class='ocrx_word' id='word_1_5' title='bbox 928 103 1034 144; x_wconf 74' lang='lat' dir='ltr'><strong>CAP.</strong></span> <span class='ocrx_word' id='word_1_6' title='bbox 1056 105 1096 144; x_wconf 85' lang='grc'>9.</span> <span class='ocrx_word' id='word_1_7' title='bbox 1199 105 1282 145; x_wconf 83' lang='grc'>389</span> 
     </span>
    </p>
   </div>
   <div class='ocr_carea' id='block_1_2' title="bbox 138 212 1313 2343">
    <p class='ocr_par' dir='ltr' id='par_1_2' title="bbox 138 212 1304 1738">
     <span class='ocr_line' id='line_1_2' title="bbox 138 212 1284 262; baseline 0 -9"><span class='ocrx_word' id='word_1_8' title='bbox 138 226 218 254; x_wconf 85' lang='lat' dir='ltr'>non</span> <span class='ocrx_word' id='word_1_9' title='bbox 231 214 481 259; x_wconf 53' lang='lat' dir='ltr'>umam-ian</span> <span class='ocrx_word' id='word_1_10' title='bbox 506 226 575 253; x_wconf 87' lang='lat' dir='ltr'>nec</span> <span class='ocrx_word' id='word_1_11' title='bbox 589 213 799 262; x_wconf 54' lang='lat' dir='ltr'>naturales,</span> <span class='ocrx_word' id='word_1_12' title='bbox 820 225 890 252; x_wconf 88' lang='lat' dir='ltr'>nec</span> <span class='ocrx_word' id='word_1_13' title='bbox 905 212 1164 253; x_wconf 59' lang='lat' dir='ltr'>necessarias?</span> <span class='ocrx_word' id='word_1_14' title='bbox 1194 213 1284 253; x_wconf 87' lang='lat' dir='ltr'>Pri-</span> 
     </span>
     <span class='ocr_line' id='line_1_3' title="bbox 138 268 1283 321; baseline -0.001 -13"><span class='ocrx_word' id='word_1_15' title='bbox 138 282 253 308; x_wconf 85' lang='lat' dir='ltr'>mum</span> <span class='ocrx_word' id='word_1_16' title='bbox 267 268 397 308; x_wconf 81' lang='lat' dir='ltr'>divisit</span> <span class='ocrx_word' id='word_1_17' title='bbox 409 269 666 321; x_wconf 75' lang='lat' dir='ltr'><strong>ineleganter:</strong></span> <span class='ocrx_word' id='word_1_18' title='bbox 688 268 766 306; x_wconf 89' lang='lat' dir='ltr'>duo</span> <span class='ocrx_word' id='word_1_19' title='bbox 781 268 885 306; x_wconf 80' lang='lat' dir='ltr'>enim</span> <span class='ocrx_word' id='word_1_20' title='bbox 900 281 1041 320; x_wconf 86' lang='lat' dir='ltr'>genera</span> <span class='ocrx_word' id='word_1_21' title='bbox 1055 282 1145 321; x_wconf 85' lang='lat' dir='ltr'>quae</span> <span class='ocrx_word' id='word_1_22' title='bbox 1158 277 1283 317; x_wconf 85' lang='lat' dir='ltr'>erant,</span> 
     </span>
     <span class='ocr_line' id='line_1_4' title="bbox 139 323 1283 374; baseline 0 -12"><span class='ocrx_word' id='word_1_23' title='bbox 139 324 230 363; x_wconf 84' lang='lat' dir='ltr'>fecit</span> <span class='ocrx_word' id='word_1_24' title='bbox 258 323 342 362; x_wconf 83' lang='lat' dir='ltr'>tria.</span> <span class='ocrx_word' id='word_1_25' title='bbox 386 323 475 363; x_wconf 86' lang='lat' dir='ltr'>Hoc</span> <span class='ocrx_word' id='word_1_26' title='bbox 501 331 557 362; x_wconf 69' lang='lat' dir='ltr'>est</span> <span class='ocrx_word' id='word_1_27' title='bbox 581 335 660 361; x_wconf 91' lang='lat' dir='ltr'>non</span> <span class='ocrx_word' id='word_1_28' title='bbox 687 323 870 369; x_wconf 76' lang='lat' dir='ltr'>dividere,</span> <span class='ocrx_word' id='word_1_29' title='bbox 895 323 963 362; x_wconf 88' lang='lat' dir='ltr'>sed</span> <span class='ocrx_word' id='word_1_30' title='bbox 983 323 1160 374; x_wconf 86' lang='lat' dir='ltr'>frangere</span> <span class='ocrx_word' id='word_1_31' title='bbox 1186 336 1283 362; x_wconf 88' lang='lat' dir='ltr'>rem.</span> 
     </span>
     <span class='ocr_line' id='line_1_5' title="bbox 141 377 1286 431; baseline 0 -14"><span class='ocrx_word' id='word_1_32' title='bbox 141 378 226 427; x_wconf 89' lang='lat' dir='ltr'>Qui</span> <span class='ocrx_word' id='word_1_33' title='bbox 252 377 285 417; x_wconf 83' lang='lat' dir='ltr'>si</span> <span class='ocrx_word' id='word_1_34' title='bbox 309 378 465 427; x_wconf 80' lang='lat' dir='ltr'>diceret,</span> <span class='ocrx_word' id='word_1_35' title='bbox 492 378 750 431; x_wconf 76' lang='lat' dir='ltr'>cupiditatum</span> <span class='ocrx_word' id='word_1_36' title='bbox 779 390 858 416; x_wconf 65' lang='lat' dir='ltr'>esse</span> <span class='ocrx_word' id='word_1_37' title='bbox 886 377 964 416; x_wconf 89' lang='lat' dir='ltr'>duo</span> <span class='ocrx_word' id='word_1_38' title='bbox 988 390 1144 430; x_wconf 82' lang='lat' dir='ltr'>genera,</span> <span class='ocrx_word' id='word_1_39' title='bbox 1172 386 1286 417; x_wconf 90' lang='lat' dir='ltr'>natu-</span> 
     </span>
     <span class='ocr_line' id='line_1_6' title="bbox 140 432 1286 484; baseline 0 -12"><span class='ocrx_word' id='word_1_40' title='bbox 140 433 254 482; x_wconf 78' lang='lat' dir='ltr'>rales,</span> <span class='ocrx_word' id='word_1_41' title='bbox 278 441 317 472; x_wconf 91' lang='lat' dir='ltr'>et</span> <span class='ocrx_word' id='word_1_42' title='bbox 340 433 501 480; x_wconf 53' lang='lat' dir='ltr'>inanem</span> <span class='ocrx_word' id='word_1_43' title='bbox 531 432 770 472; x_wconf 85' lang='lat' dir='ltr'>naturalium</span> <span class='ocrx_word' id='word_1_44' title='bbox 797 445 953 484; x_wconf 90' lang='lat' dir='ltr'>quoque</span> <span class='ocrx_word' id='word_1_45' title='bbox 977 432 1072 471; x_wconf 89' lang='lat' dir='ltr'>item</span> <span class='ocrx_word' id='word_1_46' title='bbox 1097 433 1190 483; x_wconf 84' lang='lat' dir='ltr'>duo,</span> <span class='ocrx_word' id='word_1_47' title='bbox 1218 445 1286 472; x_wconf 91' lang='lat' dir='ltr'>ne-</span> 
     </span>
     <span class='ocr_line' id='line_1_7' title="bbox 142 487 1288 536; baseline -0.001 -9"><span class='ocrx_word' id='word_1_48' title='bbox 142 487 336 536; x_wconf 59' lang='lat' dir='ltr'>caesarias,</span> <span class='ocrx_word' id='word_1_49' title='bbox 357 495 396 528; x_wconf 88' lang='lat' dir='ltr'>et</span> <span class='ocrx_word' id='word_1_50' title='bbox 414 501 492 527; x_wconf 87' lang='lat' dir='ltr'>non</span> <span class='ocrx_word' id='word_1_51' title='bbox 511 487 765 531; x_wconf 66' lang='lat' dir='ltr'>necoesariasz</span> <span class='ocrx_word' id='word_1_52' title='bbox 793 487 965 526; x_wconf 86' lang='lat' dir='ltr'>confecta</span> <span class='ocrx_word' id='word_1_53' title='bbox 982 501 1042 526; x_wconf 60' lang='grc' dir='ltr'>τω</span> <span class='ocrx_word' id='word_1_54' title='bbox 1060 496 1167 526; x_wconf 63' lang='lat' dir='ltr'>esset.</span> <span class='ocrx_word' id='word_1_55' title='bbox 1203 487 1288 536; x_wconf 86' lang='lat' dir='ltr'>Qui</span> 
     </span>
     <span class='ocr_line' id='line_1_8' title="bbox 142 542 1288 595; baseline -0.001 -13"><span class='ocrx_word' id='word_1_56' title='bbox 142 543 225 582; x_wconf 85' lang='lat' dir='ltr'>haec</span> <span class='ocrx_word' id='word_1_57' title='bbox 243 542 460 582; x_wconf 84' lang='lat' dir='ltr'>didicerunt</span> <span class='ocrx_word' id='word_1_58' title='bbox 479 557 568 595; x_wconf 86' lang='lat' dir='ltr'>quae</span> <span class='ocrx_word' id='word_1_59' title='bbox 585 542 652 581; x_wconf 88' lang='lat' dir='ltr'>ille</span> <span class='ocrx_word' id='word_1_60' title='bbox 671 542 896 588; x_wconf 76' lang='lat' dir='ltr'>contemnit,</span> <span class='ocrx_word' id='word_1_61' title='bbox 918 542 970 580; x_wconf 89' lang='lat' dir='ltr'>sic</span> <span class='ocrx_word' id='word_1_62' title='bbox 989 543 1123 582; x_wconf 86' lang='lat' dir='ltr'>solent.</span> <span class='ocrx_word' id='word_1_63' title='bbox 1159 542 1288 581; x_wconf 87' lang='lat' dir='ltr'>Vitio-</span> 
     </span>
     <span class='ocr_line' id='line_1_9' title="bbox 143 596 1290 649; baseline 0 -13"><span class='ocrx_word' id='word_1_64' title='bbox 143 610 233 637; x_wconf 84' lang='lat' dir='ltr'>sum</span> <span class='ocrx_word' id='word_1_65' title='bbox 252 606 310 636; x_wconf 58' lang='grc' dir='ltr'>ωε</span> <span class='ocrx_word' id='word_1_66' title='bbox 327 598 447 646; x_wconf 80' lang='lat' dir='ltr'>enim,</span> <span class='ocrx_word' id='word_1_67' title='bbox 462 598 504 637; x_wconf 91' lang='lat' dir='ltr'>in</span> <span class='ocrx_word' id='word_1_68' title='bbox 523 596 746 644; x_wconf 78' lang='lat' dir='ltr'>dividendo,</span> <span class='ocrx_word' id='word_1_69' title='bbox 759 606 910 649; x_wconf 88' lang='lat' dir='ltr'>partem</span> <span class='ocrx_word' id='word_1_70' title='bbox 928 597 969 634; x_wconf 91' lang='lat' dir='ltr'>in</span> <span class='ocrx_word' id='word_1_71' title='bbox 993 610 1131 648; x_wconf 84' lang='lat' dir='ltr'>genere</span> <span class='ocrx_word' id='word_1_72' title='bbox 1149 609 1290 636; x_wconf 89' lang='lat' dir='ltr'>nume-</span> 
     </span>
     <span class='ocr_line' id='line_1_10' title="bbox 142 651 1289 692; baseline -0.001 0"><span class='ocrx_word' id='word_1_73' title='bbox 142 665 240 692; x_wconf 79' lang='lat' dir='ltr'>rare.</span> <span class='ocrx_word' id='word_1_74' title='bbox 288 652 366 692; x_wconf 86' lang='lat' dir='ltr'>Sed</span> <span class='ocrx_word' id='word_1_75' title='bbox 395 653 469 692; x_wconf 91' lang='lat' dir='ltr'>hoc</span> <span class='ocrx_word' id='word_1_76' title='bbox 499 665 590 692; x_wconf 86' lang='lat' dir='ltr'>sane</span> <span class='ocrx_word' id='word_1_77' title='bbox 622 651 903 691; x_wconf 80' lang='lat' dir='ltr'>concedamus:</span> <span class='ocrx_word' id='word_1_78' title='bbox 945 652 1157 690; x_wconf 88' lang='lat' dir='ltr'>contemnit</span> <span class='ocrx_word' id='word_1_79' title='bbox 1184 653 1289 691; x_wconf 87' lang='lat' dir='ltr'>enim</span> 
     </span>
     <span class='ocr_line' id='line_1_11' title="bbox 144 706 1292 760; baseline 0 -14"><span class='ocrx_word' id='word_1_80' title='bbox 144 707 354 746; x_wconf 85' lang='lat' dir='ltr'>disserendi</span> <span class='ocrx_word' id='word_1_81' title='bbox 382 708 639 760; x_wconf 86' lang='lat' dir='ltr'>elegantiam:</span> <span class='ocrx_word' id='word_1_82' title='bbox 675 706 834 745; x_wconf 74' lang='lat' dir='ltr'>confuse</span> <span class='ocrx_word' id='word_1_83' title='bbox 861 706 1060 757; x_wconf 88' lang='lat' dir='ltr'>loquitur:</span> <span class='ocrx_word' id='word_1_84' title='bbox 1100 707 1292 759; x_wconf 86' lang='lat' dir='ltr'>gerendus</span> 
     </span>
     <span class='ocr_line' id='line_1_12' title="bbox 145 760 1291 814; baseline -0.001 -12"><span class='ocrx_word' id='word_1_85' title='bbox 145 769 203 802; x_wconf 82' lang='lat' dir='ltr'>est</span> <span class='ocrx_word' id='word_1_86' title='bbox 220 775 320 810; x_wconf 83' lang='lat' dir='ltr'>mos,</span> <span class='ocrx_word' id='word_1_87' title='bbox 340 763 458 802; x_wconf 91' lang='lat' dir='ltr'>modo</span> <span class='ocrx_word' id='word_1_88' title='bbox 477 771 576 802; x_wconf 86' lang='lat' dir='ltr'>recte</span> <span class='ocrx_word' id='word_1_89' title='bbox 595 762 745 801; x_wconf 85' lang='lat' dir='ltr'>sentiat.</span> <span class='ocrx_word' id='word_1_90' title='bbox 787 761 842 800; x_wconf 86' lang='lat' dir='ltr'>Et</span> <span class='ocrx_word' id='word_1_91' title='bbox 864 760 1023 812; x_wconf 90' lang='lat' dir='ltr'>quidem</span> <span class='ocrx_word' id='word_1_92' title='bbox 1042 762 1142 800; x_wconf 92' lang='lat' dir='ltr'>illud</span> <span class='ocrx_word' id='word_1_93' title='bbox 1160 762 1291 814; x_wconf 86' lang='lat' dir='ltr'>ipsum</span> 
     </span>
     <span class='ocr_line' id='line_1_13' title="bbox 145 815 1292 870; baseline 0 -15"><span class='ocrx_word' id='word_1_94' title='bbox 145 829 224 856; x_wconf 89' lang='lat' dir='ltr'>non</span> <span class='ocrx_word' id='word_1_95' title='bbox 248 818 416 857; x_wconf 88' lang='lat' dir='ltr'>nimium</span> <span class='ocrx_word' id='word_1_96' title='bbox 441 819 564 870; x_wconf 90' lang='lat' dir='ltr'>probo</span> <span class='ocrx_word' id='word_1_97' title='bbox 589 821 645 861; x_wconf 79' lang='lat' dir='ltr'>(et</span> <span class='ocrx_word' id='word_1_98' title='bbox 667 825 822 855; x_wconf 90' lang='lat' dir='ltr'>tantum</span> <span class='ocrx_word' id='word_1_99' title='bbox 848 815 988 868; x_wconf 81' lang='lat' dir='ltr'>patior)</span> <span class='ocrx_word' id='word_1_100' title='bbox 1015 816 1292 868; x_wconf 87' lang='lat' dir='ltr'>philosophum</span> 
     </span>
     <span class='ocr_line' id='line_1_14' title="bbox 146 871 1294 926; baseline 0.001 -16"><span class='ocrx_word' id='word_1_101' title='bbox 146 872 257 925; x_wconf 84' lang='lat' dir='ltr'>loqui</span> <span class='ocrx_word' id='word_1_102' title='bbox 275 872 323 911; x_wconf 89' lang='lat' dir='ltr'>de</span> <span class='ocrx_word' id='word_1_103' title='bbox 341 873 617 926; x_wconf 77' lang='lat' dir='ltr'>cupiditatibus</span> <span class='ocrx_word' id='word_1_104' title='bbox 635 871 826 910; x_wconf 83' lang='lat' dir='ltr'>finiendis.</span> <span class='ocrx_word' id='word_1_105' title='bbox 860 873 929 908; x_wconf 78' lang='lat' dir='ltr'>An</span> <span class='ocrx_word' id='word_1_106' title='bbox 956 879 1080 923; x_wconf 65' lang='lat' dir='ltr'>potest</span> <span class='ocrx_word' id='word_1_107' title='bbox 1103 871 1294 924; x_wconf 81' lang='lat' dir='ltr'>cupiditas</span> 
     </span>
     <span class='ocr_line' id='line_1_15' title="bbox 149 925 1292 979; baseline -0.002 -12"><span class='ocrx_word' id='word_1_108' title='bbox 149 927 279 966; x_wconf 79' lang='lat' dir='ltr'>finiri?</span> <span class='ocrx_word' id='word_1_109' title='bbox 304 927 475 967; x_wconf 87' lang='lat' dir='ltr'>tollenda</span> <span class='ocrx_word' id='word_1_110' title='bbox 489 935 559 975; x_wconf 53' lang='lat' dir='ltr'>est,</span> <span class='ocrx_word' id='word_1_111' title='bbox 576 935 693 979; x_wconf 88' lang='lat' dir='ltr'>atque</span> <span class='ocrx_word' id='word_1_112' title='bbox 711 925 949 965; x_wconf 78' lang='lat' dir='ltr'>extrahenda</span> <span class='ocrx_word' id='word_1_113' title='bbox 967 925 1159 964; x_wconf 81' lang='lat' dir='ltr'>radicitus.</span> <span class='ocrx_word' id='word_1_114' title='bbox 1190 926 1292 974; x_wconf 85' lang='lat' dir='ltr'>Quis</span> 
     </span>
     <span class='ocr_line' id='line_1_16' title="bbox 149 981 1294 1043; baseline -0.002 -22"><span class='ocrx_word' id='word_1_115' title='bbox 149 989 208 1021; x_wconf 88' lang='lat' dir='ltr'>est</span> <span class='ocrx_word' id='word_1_116' title='bbox 239 982 360 1029; x_wconf 82' lang='lat' dir='ltr'>enim,</span> <span class='ocrx_word' id='word_1_117' title='bbox 388 983 431 1021; x_wconf 89' lang='lat' dir='ltr'>in</span> <span class='ocrx_word' id='word_1_118' title='bbox 460 996 539 1036; x_wconf 91' lang='lat' dir='ltr'>quo</span> <span class='ocrx_word' id='word_1_119' title='bbox 567 982 615 1021; x_wconf 91' lang='lat' dir='ltr'>sit</span> <span class='ocrx_word' id='word_1_120' title='bbox 643 981 847 1043; x_wconf 80' lang='lat' dir='ltr'>cupiditas</span> <span class='ocrx_word' id='word_1_121' title='bbox 877 981 973 1033; x_wconf 88' lang='lat' dir='ltr'>quin</span> <span class='ocrx_word' id='word_1_122' title='bbox 1002 990 1102 1019; x_wconf 86' lang='lat' dir='ltr'>recte</span> <span class='ocrx_word' id='word_1_123' title='bbox 1130 981 1294 1033; x_wconf 89' lang='lat' dir='ltr'>cupidus</span> 
     </span>
     <span class='ocr_line' id='line_1_17' title="bbox 149 1034 1294 1090; baseline -0.002 -14"><span class='ocrx_word' id='word_1_124' title='bbox 149 1036 226 1076; x_wconf 83' lang='lat' dir='ltr'>dici</span> <span class='ocrx_word' id='word_1_125' title='bbox 245 1037 388 1090; x_wconf 81' lang='lat' dir='ltr'>possit.</span> <span class='ocrx_word' id='word_1_126' title='bbox 378 1040 396 1065; x_wconf 88' lang='grc'><strong>9</strong></span> <span class='ocrx_word' id='word_1_127' title='bbox 432 1037 540 1090; x_wconf 85' lang='lat' dir='ltr'>Ergo</span> <span class='ocrx_word' id='word_1_128' title='bbox 559 1045 597 1076; x_wconf 89' lang='lat' dir='ltr'>et</span> <span class='ocrx_word' id='word_1_129' title='bbox 615 1050 754 1075; x_wconf 81' lang='lat' dir='ltr'>avarus</span> <span class='ocrx_word' id='word_1_130' title='bbox 773 1036 858 1083; x_wconf 75' lang='lat' dir='ltr'>erit,</span> <span class='ocrx_word' id='word_1_131' title='bbox 880 1035 946 1074; x_wconf 89' lang='lat' dir='ltr'>sed</span> <span class='ocrx_word' id='word_1_132' title='bbox 965 1034 1098 1081; x_wconf 75' lang='lat' dir='ltr'>finite3</span> <span class='ocrx_word' id='word_1_133' title='bbox 1127 1043 1163 1074; x_wconf 91' lang='lat' dir='ltr'>et</span> <span class='ocrx_word' id='word_1_134' title='bbox 1182 1035 1294 1074; x_wconf 83' lang='lat' dir='ltr'>adul-</span> 
     </span>
     <span class='ocr_line' id='line_1_18' title="bbox 149 1090 1295 1139; baseline -0.002 -7"><span class='ocrx_word' id='word_1_135' title='bbox 149 1099 222 1139; x_wconf 85' lang='lat' dir='ltr'>ter,</span> <span class='ocrx_word' id='word_1_136' title='bbox 254 1105 390 1132; x_wconf 57' lang='lat' dir='ltr'>serum</span> <span class='ocrx_word' id='word_1_137' title='bbox 423 1092 581 1131; x_wconf 88' lang='lat' dir='ltr'>habebit</span> <span class='ocrx_word' id='word_1_138' title='bbox 610 1091 803 1130; x_wconf 88' lang='lat' dir='ltr'>modum·</span> <span class='ocrx_word' id='word_1_139' title='bbox 791 1120 804 1137; x_wconf 87' lang='lat'>‚</span> <span class='ocrx_word' id='word_1_140' title='bbox 845 1099 882 1129; x_wconf 87' lang='lat' dir='ltr'>et</span> <span class='ocrx_word' id='word_1_141' title='bbox 909 1090 1132 1129; x_wconf 80' lang='lat' dir='ltr'>luxuriosus</span> <span class='ocrx_word' id='word_1_142' title='bbox 1159 1090 1295 1130; x_wconf 86' lang='lat' dir='ltr'>eodem</span> 
     </span>
     <span class='ocr_line' id='line_1_19' title="bbox 150 1146 1294 1200; baseline -0.003 -13"><span class='ocrx_word' id='word_1_143' title='bbox 150 1146 281 1187; x_wconf 86' lang='lat' dir='ltr'>modo.</span> <span class='ocrx_word' id='word_1_144' title='bbox 310 1148 452 1197; x_wconf 87' lang='lat' dir='ltr'>Qualis</span> <span class='ocrx_word' id='word_1_145' title='bbox 466 1148 539 1186; x_wconf 87' lang='lat' dir='ltr'>ista</span> <span class='ocrx_word' id='word_1_146' title='bbox 552 1146 797 1200; x_wconf 88' lang='lat' dir='ltr'>philosophia</span> <span class='ocrx_word' id='word_1_147' title='bbox 811 1154 881 1192; x_wconf 68' lang='lat' dir='ltr'>est,</span> <span class='ocrx_word' id='word_1_148' title='bbox 898 1159 987 1198; x_wconf 88' lang='lat' dir='ltr'>quae</span> <span class='ocrx_word' id='word_1_149' title='bbox 1001 1158 1078 1185; x_wconf 89' lang='lat' dir='ltr'>non</span> <span class='ocrx_word' id='word_1_150' title='bbox 1093 1146 1294 1184; x_wconf 87' lang='lat' dir='ltr'>interitum</span> 
     </span>
     <span class='ocr_line' id='line_1_20' title="bbox 152 1200 1297 1255; baseline -0.003 -13"><span class='ocrx_word' id='word_1_151' title='bbox 152 1201 287 1242; x_wconf 79' lang='lat' dir='ltr'>afferat</span> <span class='ocrx_word' id='word_1_152' title='bbox 305 1202 519 1255; x_wconf 82' lang='lat' dir='ltr'>pravitatis,</span> <span class='ocrx_word' id='word_1_153' title='bbox 540 1202 607 1241; x_wconf 88' lang='lat' dir='ltr'>sed</span> <span class='ocrx_word' id='word_1_154' title='bbox 626 1202 675 1241; x_wconf 85' lang='lat' dir='ltr'>sit</span> <span class='ocrx_word' id='word_1_155' title='bbox 701 1209 880 1240; x_wconf 85' lang='lat' dir='ltr'>contenta</span> <span class='ocrx_word' id='word_1_156' title='bbox 904 1200 1167 1240; x_wconf 82' lang='lat' dir='ltr'>mediocritate</span> <span class='ocrx_word' id='word_1_157' title='bbox 1186 1201 1297 1240; x_wconf 88' lang='lat' dir='ltr'>vitio-</span> 
     </span>
     <span class='ocr_line' id='line_1_21' title="bbox 154 1255 1296 1310; baseline -0.001 -14"><span class='ocrx_word' id='word_1_158' title='bbox 154 1270 243 1296; x_wconf 87' lang='lat' dir='ltr'>rum</span> <span class='ocrx_word' id='word_1_159' title='bbox 258 1259 276 1296; x_wconf 80' lang='grc'>,9</span> <span class='ocrx_word' id='word_1_160' title='bbox 306 1271 548 1310; x_wconf 90' lang='lat' dir='ltr'>quamquam</span> <span class='ocrx_word' id='word_1_161' title='bbox 568 1257 609 1295; x_wconf 90' lang='lat' dir='ltr'>in</span> <span class='ocrx_word' id='word_1_162' title='bbox 628 1256 701 1295; x_wconf 87' lang='lat' dir='ltr'>hac</span> <span class='ocrx_word' id='word_1_163' title='bbox 719 1256 906 1295; x_wconf 81' lang='lat' dir='ltr'>divisione</span> <span class='ocrx_word' id='word_1_164' title='bbox 929 1269 1010 1294; x_wconf 86' lang='lat' dir='ltr'>rem</span> <span class='ocrx_word' id='word_1_165' title='bbox 1037 1255 1162 1308; x_wconf 87' lang='lat' dir='ltr'>ipsam</span> <span class='ocrx_word' id='word_1_166' title='bbox 1187 1269 1296 1308; x_wconf 88' lang='lat' dir='ltr'>pror-</span> 
     </span>
     <span class='ocr_line' id='line_1_22' title="bbox 155 1310 1298 1419; baseline -0.002 -13"><span class='ocrx_word' id='word_1_167' title='bbox 155 1311 1078 1419; x_wconf 46' lang='lat' dir='ltr'>ffifflfflssffifflffifflfflss‘</span> <span class='ocrx_word' id='word_1_168' title='bbox 1089 1310 1298 1413; x_wconf 45' lang='lat' dir='ltr'>&amp;³⁶53ss</span> 
     </span>
     <span class='ocr_line' id='line_1_23' title="bbox 156 1420 1301 1474; baseline -0.003 -12"><span class='ocrx_word' id='word_1_169' title='bbox 156 1435 248 1461; x_wconf 90' lang='lat' dir='ltr'>cum</span> <span class='ocrx_word' id='word_1_170' title='bbox 280 1422 330 1462; x_wconf 87' lang='lat' dir='ltr'>de</span> <span class='ocrx_word' id='word_1_171' title='bbox 361 1423 536 1470; x_wconf 64' lang='lat' dir='ltr'>avaritia,</span> <span class='ocrx_word' id='word_1_172' title='bbox 571 1435 662 1461; x_wconf 88' lang='lat' dir='ltr'>cum</span> <span class='ocrx_word' id='word_1_173' title='bbox 700 1421 749 1461; x_wconf 89' lang='lat' dir='ltr'>de</span> <span class='ocrx_word' id='word_1_174' title='bbox 781 1421 1092 1474; x_wconf 59' lang='lat' dir='ltr'>intemperantia,</span> <span class='ocrx_word' id='word_1_175' title='bbox 1127 1434 1218 1460; x_wconf 90' lang='lat' dir='ltr'>cum</span> <span class='ocrx_word' id='word_1_176' title='bbox 1251 1420 1301 1460; x_wconf 90' lang='lat' dir='ltr'>de</span> 
     </span>
     <span class='ocr_line' id='line_1_24' title="bbox 155 1476 1300 1530; baseline -0.002 -14"><span class='ocrx_word' id='word_1_177' title='bbox 155 1478 340 1516; x_wconf 82' lang='lat' dir='ltr'>maximis</span> <span class='ocrx_word' id='word_1_178' title='bbox 360 1478 461 1517; x_wconf 84' lang='lat' dir='ltr'>vitiis</span> <span class='ocrx_word' id='word_1_179' title='bbox 478 1479 674 1530; x_wconf 88' lang='lat' dir='ltr'>loquetur</span> <span class='ocrx_word' id='word_1_180' title='bbox 695 1490 779 1516; x_wconf 60' lang='lat' dir='ltr'>eam</span> <span class='ocrx_word' id='word_1_181' title='bbox 805 1485 1007 1528; x_wconf 87' lang='lat' dir='ltr'>tamquam</span> <span class='ocrx_word' id='word_1_182' title='bbox 1031 1476 1165 1528; x_wconf 84' lang='lat' dir='ltr'>capitis</span> <span class='ocrx_word' id='word_1_183' title='bbox 1187 1488 1300 1515; x_wconf 81' lang='lat' dir='ltr'>accu-</span> 
     </span>
     <span class='ocr_line' id='line_1_25' title="bbox 153 1531 1301 1585; baseline -0.002 -13"><span class='ocrx_word' id='word_1_184' title='bbox 153 1541 226 1571; x_wconf 84' lang='lat' dir='ltr'>set.</span> <span class='ocrx_word' id='word_1_185' title='bbox 264 1532 341 1572; x_wconf 87' lang='lat' dir='ltr'>Sed</span> <span class='ocrx_word' id='word_1_186' title='bbox 359 1533 442 1572; x_wconf 85' lang='lat' dir='ltr'>haec</span> <span class='ocrx_word' id='word_1_187' title='bbox 467 1532 626 1585; x_wconf 87' lang='lat' dir='ltr'>quidem</span> <span class='ocrx_word' id='word_1_188' title='bbox 648 1532 806 1571; x_wconf 87' lang='lat' dir='ltr'>liberius</span> <span class='ocrx_word' id='word_1_189' title='bbox 826 1533 875 1570; x_wconf 90' lang='lat' dir='ltr'>ab</span> <span class='ocrx_word' id='word_1_190' title='bbox 895 1545 939 1570; x_wconf 89' lang='lat' dir='ltr'>eo</span> <span class='ocrx_word' id='word_1_191' title='bbox 958 1531 1153 1578; x_wconf 78' lang='lat' dir='ltr'>dicuntur,</span> <span class='ocrx_word' id='word_1_192' title='bbox 1174 1539 1212 1569; x_wconf 85' lang='lat' dir='ltr'>et</span> <span class='ocrx_word' id='word_1_193' title='bbox 1230 1545 1301 1570; x_wconf 84' lang='lat' dir='ltr'>sae-</span> 
     </span>
     <span class='ocr_line' id='line_1_26' title="bbox 158 1585 1302 1641; baseline -0.002 -15"><span class='ocrx_word' id='word_1_194' title='bbox 158 1587 271 1640; x_wconf 90' lang='lat' dir='ltr'>pius:</span> <span class='ocrx_word' id='word_1_195' title='bbox 298 1588 403 1641; x_wconf 90' lang='lat' dir='ltr'>quod</span> <span class='ocrx_word' id='word_1_196' title='bbox 423 1588 603 1641; x_wconf 84' lang='lat' dir='ltr'>equidem</span> <span class='ocrx_word' id='word_1_197' title='bbox 623 1600 700 1626; x_wconf 91' lang='lat' dir='ltr'>non</span> <span class='ocrx_word' id='word_1_198' title='bbox 717 1586 965 1639; x_wconf 84' lang='lat' dir='ltr'>reprehendO.</span> <span class='ocrx_word' id='word_1_199' title='bbox 995 1585 1069 1624; x_wconf 83' lang='lat' dir='ltr'>Est</span> <span class='ocrx_word' id='word_1_200' title='bbox 1084 1586 1188 1624; x_wconf 89' lang='lat' dir='ltr'>enim</span> <span class='ocrx_word' id='word_1_201' title='bbox 1204 1586 1302 1625; x_wconf 86' lang='lat' dir='ltr'>tanti</span> 
     </span>
     <span class='ocr_line' id='line_1_27' title="bbox 155 1640 1304 1697; baseline -0.001 -15"><span class='ocrx_word' id='word_1_202' title='bbox 155 1642 395 1696; x_wconf 87' lang='lat' dir='ltr'>philosophi,</span> <span class='ocrx_word' id='word_1_203' title='bbox 416 1652 578 1697; x_wconf 88' lang='lat' dir='ltr'>tamque</span> <span class='ocrx_word' id='word_1_204' title='bbox 596 1642 750 1693; x_wconf 87' lang='lat' dir='ltr'>nobilis,</span> <span class='ocrx_word' id='word_1_205' title='bbox 778 1641 959 1680; x_wconf 84' lang='lat' dir='ltr'>audacter</span> <span class='ocrx_word' id='word_1_206' title='bbox 981 1654 1051 1680; x_wconf 89' lang='lat' dir='ltr'>sua</span> <span class='ocrx_word' id='word_1_207' title='bbox 1068 1640 1219 1681; x_wconf 83' lang='lat' dir='ltr'>decreta</span> <span class='ocrx_word' id='word_1_208' title='bbox 1237 1641 1304 1681; x_wconf 88' lang='lat' dir='ltr'>de-</span> 
     </span>
     <span class='ocr_line' id='line_1_28' title="bbox 158 1698 324 1738; baseline 0.012 -2"><span class='ocrx_word' id='word_1_209' title='bbox 158 1698 324 1738; x_wconf 73' lang='lat' dir='ltr'>rendere.</span> 
     </span>
    </p>

    <p class='ocr_par' dir='ltr' id='par_1_3' title="bbox 160 1753 1313 2303">
     <span class='ocr_line' id='line_1_29' title="bbox 216 1753 1303 1807; baseline -0.003 -14"><span class='ocrx_word' id='word_1_210' title='bbox 216 1753 293 1793; x_wconf 89' lang='lat' dir='ltr'>Sed</span> <span class='ocrx_word' id='word_1_211' title='bbox 322 1762 454 1794; x_wconf 85' lang='lat' dir='ltr'>tamen</span> <span class='ocrx_word' id='word_1_212' title='bbox 480 1767 528 1793; x_wconf 82' lang='lat' dir='ltr'>ex</span> <span class='ocrx_word' id='word_1_213' title='bbox 559 1767 619 1801; x_wconf 86' lang='lat' dir='ltr'>eo,</span> <span class='ocrx_word' id='word_1_214' title='bbox 651 1753 757 1807; x_wconf 90' lang='lat' dir='ltr'>quod</span> <span class='ocrx_word' id='word_1_215' title='bbox 783 1766 869 1792; x_wconf 75' lang='lat' dir='ltr'>eam</span> <span class='ocrx_word' id='word_1_216' title='bbox 894 1753 1134 1806; x_wconf 86' lang='lat' dir='ltr'>voluptatem</span> <span class='ocrx_word' id='word_1_217' title='bbox 1164 1756 1303 1805; x_wconf 89' lang='lat' dir='ltr'>(quam</span> 
     </span>
     <span class='ocr_line' id='line_1_30' title="bbox 160 1807 1306 1871; baseline -0.001 -24"><span class='ocrx_word' id='word_1_218' title='bbox 160 1821 297 1848; x_wconf 72' lang='lat' dir='ltr'>omnoe</span> <span class='ocrx_word' id='word_1_219' title='bbox 329 1818 461 1862; x_wconf 70' lang='lat' dir='ltr'>gentoe</span> <span class='ocrx_word' id='word_1_220' title='bbox 493 1809 566 1848; x_wconf 91' lang='lat' dir='ltr'>hoc</span> <span class='ocrx_word' id='word_1_221' title='bbox 599 1810 757 1848; x_wconf 88' lang='lat' dir='ltr'>nomine</span> <span class='ocrx_word' id='word_1_222' title='bbox 789 1809 1003 1871; x_wconf 77' lang='lat' dir='ltr'>appellant)</span> <span class='ocrx_word' id='word_1_223' title='bbox 1038 1807 1189 1846; x_wconf 86' lang='lat' dir='ltr'>videtur</span> <span class='ocrx_word' id='word_1_224' title='bbox 1220 1820 1306 1846; x_wconf 89' lang='lat' dir='ltr'>am-</span> 
     </span>
     <span class='ocr_line' id='line_1_31' title="bbox 163 1862 1305 1917; baseline -0.002 -15"><span class='ocrx_word' id='word_1_225' title='bbox 163 1863 313 1916; x_wconf 85' lang='lat' dir='ltr'>plexari</span> <span class='ocrx_word' id='word_1_226' title='bbox 331 1878 432 1917; x_wconf 86' lang='lat' dir='ltr'>saepe</span> <span class='ocrx_word' id='word_1_227' title='bbox 451 1864 730 1913; x_wconf 83' lang='lat' dir='ltr'>vehementius,</span> <span class='ocrx_word' id='word_1_228' title='bbox 757 1864 799 1902; x_wconf 89' lang='lat' dir='ltr'>in</span> <span class='ocrx_word' id='word_1_229' title='bbox 825 1863 977 1916; x_wconf 88' lang='lat' dir='ltr'>magnis</span> <span class='ocrx_word' id='word_1_230' title='bbox 1002 1862 1198 1902; x_wconf 79' lang='lat' dir='ltr'>interdum</span> <span class='ocrx_word' id='word_1_231' title='bbox 1221 1875 1305 1900; x_wconf 88' lang='lat' dir='ltr'>ver-</span> 
     </span>
     <span class='ocr_line' id='line_1_32' title="bbox 166 1917 1304 1972; baseline -0.001 -15"><span class='ocrx_word' id='word_1_232' title='bbox 166 1927 274 1957; x_wconf 89' lang='lat' dir='ltr'>satur</span> <span class='ocrx_word' id='word_1_233' title='bbox 305 1920 508 1972; x_wconf 85' lang='lat' dir='ltr'>angustiis,</span> <span class='ocrx_word' id='word_1_234' title='bbox 547 1928 606 1967; x_wconf 77' lang='lat' dir='ltr'>ut,</span> <span class='ocrx_word' id='word_1_235' title='bbox 640 1919 846 1959; x_wconf 88' lang='lat' dir='ltr'>hominum</span> <span class='ocrx_word' id='word_1_236' title='bbox 879 1918 1110 1957; x_wconf 82' lang='lat' dir='ltr'>conscientia</span> <span class='ocrx_word' id='word_1_237' title='bbox 1141 1917 1304 1965; x_wconf 59' lang='lat' dir='ltr'>remota„</span> 
     </span>
     <span class='ocr_line' id='line_1_33' title="bbox 167 1972 1307 2028; baseline -0.003 -15"><span class='ocrx_word' id='word_1_238' title='bbox 167 1973 267 2012; x_wconf 90' lang='lat' dir='ltr'>nihil</span> <span class='ocrx_word' id='word_1_239' title='bbox 286 1981 367 2013; x_wconf 89' lang='lat' dir='ltr'>tarn</span> <span class='ocrx_word' id='word_1_240' title='bbox 384 1982 496 2028; x_wconf 89' lang='lat' dir='ltr'>turpe</span> <span class='ocrx_word' id='word_1_241' title='bbox 514 1975 576 2022; x_wconf 76' lang='lat' dir='ltr'>sit,</span> <span class='ocrx_word' id='word_1_242' title='bbox 597 1974 704 2027; x_wconf 91' lang='lat' dir='ltr'>quod</span> <span class='ocrx_word' id='word_1_243' title='bbox 723 1974 932 2026; x_wconf 87' lang='lat' dir='ltr'>voluptatis</span> <span class='ocrx_word' id='word_1_244' title='bbox 950 1987 1066 2012; x_wconf 88' lang='lat' dir='ltr'>causa</span> <span class='ocrx_word' id='word_1_245' title='bbox 1085 1985 1163 2011; x_wconf 90' lang='lat' dir='ltr'>non</span> <span class='ocrx_word' id='word_1_246' title='bbox 1178 1972 1307 2011; x_wconf 80' lang='lat' dir='ltr'>videa-</span> 
     </span>
     <span class='ocr_line' id='line_1_34' title="bbox 167 1988 1308 2078; baseline -0.002 -11"><span class='ocrx_word' id='word_1_247' title='bbox 167 2036 232 2067; x_wconf 84' lang='lat' dir='ltr'>tur</span> <span class='ocrx_word' id='word_1_248' title='bbox 251 2042 331 2068; x_wconf 85' lang='lat' dir='ltr'>esse</span> <span class='ocrx_word' id='word_1_249' title='bbox 349 2028 532 2069; x_wconf 79' lang='lat' dir='ltr'>facturus.</span> <span class='ocrx_word' id='word_1_250' title='bbox 568 1988 736 2078; x_wconf 88' lang='lat' dir='ltr'>Deinde</span> <span class='ocrx_word' id='word_1_251' title='bbox 757 2029 826 2068; x_wconf 88' lang='lat' dir='ltr'>ubi</span> <span class='ocrx_word' id='word_1_252' title='bbox 845 2029 1014 2076; x_wconf 78' lang='lat' dir='ltr'>erubuit,</span> <span class='ocrx_word' id='word_1_253' title='bbox 1035 2028 1110 2071; x_wconf 75' lang='lat' dir='ltr'>(vis</span> <span class='ocrx_word' id='word_1_254' title='bbox 1128 2027 1231 2066; x_wconf 87' lang='lat' dir='ltr'>enim</span> <span class='ocrx_word' id='word_1_255' title='bbox 1251 2034 1308 2066; x_wconf 70' lang='lat' dir='ltr'>aet</span> 
     </span>
     <span class='ocr_line' id='line_1_35' title="bbox 167 2081 1310 2137; baseline -0.001 -15"><span class='ocrx_word' id='word_1_256' title='bbox 167 2096 383 2136; x_wconf 86' lang='lat' dir='ltr'>permagna</span> <span class='ocrx_word' id='word_1_257' title='bbox 405 2092 570 2133; x_wconf 82' lang='lat' dir='ltr'>naturae)</span> <span class='ocrx_word' id='word_1_258' title='bbox 596 2084 772 2137; x_wconf 76' lang='lat' dir='ltr'>confugit</span> <span class='ocrx_word' id='word_1_259' title='bbox 789 2084 897 2131; x_wconf 82' lang='lat' dir='ltr'>illuc,</span> <span class='ocrx_word' id='word_1_260' title='bbox 924 2091 969 2122; x_wconf 93' lang='lat' dir='ltr'>ut</span> <span class='ocrx_word' id='word_1_261' title='bbox 994 2090 1108 2135; x_wconf 85' lang='lat' dir='ltr'>neget</span> <span class='ocrx_word' id='word_1_262' title='bbox 1132 2081 1310 2121; x_wconf 81' lang='lat' dir='ltr'>accedere</span> 
     </span>
     <span class='ocr_line' id='line_1_36' title="bbox 167 2137 1311 2199; baseline -0.002 -22"><span class='ocrx_word' id='word_1_263' title='bbox 167 2138 387 2199; x_wconf 78' lang='lat' dir='ltr'>quidquam</span> <span class='ocrx_word' id='word_1_264' title='bbox 419 2152 530 2192; x_wconf 86' lang='lat' dir='ltr'>posse</span> <span class='ocrx_word' id='word_1_265' title='bbox 559 2139 609 2178; x_wconf 81' lang='lat' dir='ltr'>ad</span> <span class='ocrx_word' id='word_1_266' title='bbox 637 2140 876 2192; x_wconf 84' lang='lat' dir='ltr'>voluptatem</span> <span class='ocrx_word' id='word_1_267' title='bbox 906 2138 1004 2176; x_wconf 88' lang='lat' dir='ltr'>nihil</span> <span class='ocrx_word' id='word_1_268' title='bbox 1031 2137 1206 2176; x_wconf 88' lang='lat' dir='ltr'>dolentis.</span> <span class='ocrx_word' id='word_1_269' title='bbox 1250 2137 1311 2175; x_wconf 85' lang='lat' dir='ltr'>At</span> 
     </span>
     <span class='ocr_line' id='line_1_37' title="bbox 168 2191 1310 2245; baseline -0.001 -14"><span class='ocrx_word' id='word_1_270' title='bbox 168 2193 240 2232; x_wconf 87' lang='lat' dir='ltr'>iste</span> <span class='ocrx_word' id='word_1_271' title='bbox 265 2206 342 2233; x_wconf 92' lang='lat' dir='ltr'>non</span> <span class='ocrx_word' id='word_1_272' title='bbox 369 2194 526 2234; x_wconf 89' lang='lat' dir='ltr'>dolendi</span> <span class='ocrx_word' id='word_1_273' title='bbox 547 2203 669 2234; x_wconf 87' lang='lat' dir='ltr'>status</span> <span class='ocrx_word' id='word_1_274' title='bbox 694 2207 773 2233; x_wconf 90' lang='lat' dir='ltr'>non</span> <span class='ocrx_word' id='word_1_275' title='bbox 799 2201 956 2232; x_wconf 75' lang='lat' dir='ltr'>vooetur</span> <span class='ocrx_word' id='word_1_276' title='bbox 981 2193 1171 2245; x_wconf 83' lang='lat' dir='ltr'>voluptas.</span> <span class='ocrx_word' id='word_1_277' title='bbox 1215 2191 1310 2231; x_wconf 88' lang='lat' dir='ltr'>Non</span> 
     </span>
     <span class='ocr_line' id='line_1_38' title="bbox 167 2247 1313 2303; baseline -0.002 -14"><span class='ocrx_word' id='word_1_278' title='bbox 167 2248 317 2300; x_wconf 71' lang='lat' dir='ltr'>laboro,</span> <span class='ocrx_word' id='word_1_279' title='bbox 338 2249 481 2303; x_wconf 86' lang='lat' dir='ltr'>inquit,</span> <span class='ocrx_word' id='word_1_280' title='bbox 501 2250 549 2291; x_wconf 89' lang='lat' dir='ltr'>dc</span> <span class='ocrx_word' id='word_1_281' title='bbox 568 2251 737 2291; x_wconf 86' lang='lat' dir='ltr'>nomine.</span> <span class='ocrx_word' id='word_1_282' title='bbox 777 2248 904 2299; x_wconf 80' lang='lat' dir='ltr'>Quid,</span> <span class='ocrx_word' id='word_1_283' title='bbox 925 2248 1032 2301; x_wconf 90' lang='lat' dir='ltr'>quod</span> <span class='ocrx_word' id='word_1_284' title='bbox 1056 2261 1116 2289; x_wconf 60' lang='lat' dir='ltr'>rm</span> <span class='ocrx_word' id='word_1_285' title='bbox 1138 2247 1215 2289; x_wconf 78' lang='lat' dir='ltr'>alia</span> <span class='ocrx_word' id='word_1_286' title='bbox 1232 2253 1313 2287; x_wconf 75' lang='lat' dir='ltr'>tota</span> 
     </span>
    </p>

    <p class='ocr_par' dir='ltr' id='par_1_4' title="bbox 856 2305 986 2343">
     <span class='ocr_line' id='line_1_39' title="bbox 856 2305 986 2343; baseline -0.008 0"><span class='ocrx_word' id='word_1_287' title='bbox 856 2305 881 2343; x_wconf 80' lang='lat'><strong>2</strong></span> <span class='ocrx_word' id='word_1_288' title='bbox 903 2315 930 2343; x_wconf 80' lang='lat' dir='ltr'>L</span> <span class='ocrx_word' id='word_1_289' title='bbox 961 2305 986 2342; x_wconf 89' lang='grc'><strong>3</strong></span> 
     </span>
    </p>
   </div>
  </div>
 </body>
</html>
