1456 2396
395 113 654 163 ORATOR,
677 114 781 153 CAP.
799 115 864 153 53.
1135 112 1184 149 51

75 221 136 260 vel
153 222 322 261 maxime
336 223 433 262 velle
450 223 721 275 perspexerim.
769 223 951 261 Primum
962 232 1052 272 ergo
1065 220 1187 271 origo,

77 275 213 315 deinde
230 290 356 326 caum,
381 286 467 329 post
484 287 642 339 natura,
669 286 754 316 tum
780 277 830 315 ad.
855 284 1071 315 extremum
1097 287 1190 313 usus

76 329 156 382 ipse
174 331 382 392 explicetur
399 331 578 370 orationis
597 340 696 383 aptae
714 339 829 384 atque
847 343 1071 368 numerosae.

130 384 238 424 Nam
252 385 320 436 qui
334 386 540 424 Isocratem
557 386 729 424 maxime
746 386 949 433 mirantur,
964 384 1059 422 hoc
1049 396 1091 421 m
1109 382 1193 432 ejus

75 439 236 477 summis
251 439 429 478 laudibus
446 440 589 488 ferunt,
603 440 707 501 quod
721 440 846 478 verbis
865 438 996 477 solutis
1011 449 1193 475 numeros

74 492 221 543 primus
239 493 466 543 adjunxerit.
497 494 601 533 Cum
619 494 723 532 enim
741 494 898 541 videret,
919 500 1083 531 oratores
1101 502 1191 530 cum

76 546 271 585 severitate
290 547 428 597 audiri,
447 552 578 600 poe'tas
597 557 727 587 autem
746 561 836 587 611111
854 547 1075 598 voluptate3
1106 552 1192 583 tum

76 599 215 639 dicitur
239 613 420 641 numeros
447 611 611 651 566111115,
641 602 782 654 quibus
809 602 924 641 etiam
954 601 995 639 in
1025 599 1194 638 oratione

76 661 283 705 uteremur,
310 669 400 695 611111
421 657 673 706 jucunditatis
699 670 827 707 causa,
854 664 940 695 tum
965 662 1011 694 ut
1035 654 1196 692 13116135

76 717 286 748 occurreret
303 710 478 750 satietati.

131 763 249 811 Quod
266 766 315 803 ab
334 764 394 804 his
422 778 508 804 vere
533 764 703 827 quadam
728 778 776 804 ex
801 771 923 825 parte,
950 775 1028 802 non
1052 769 1194 809 totum,

76 817 226 856 dicitur.
255 818 363 857 Nam
381 820 577 858 neminem
595 820 636 858 in
655 833 700 858 eo
718 833 856 872 genere
875 818 1053 858 scientius
1071 829 1197 855 versa-

78 878 164 909 tum
181 871 361 923 Isocrate,
381 874 641 913 confitendum
660 882 740 913 est:
771 874 838 913 sed
854 873 1035 935 princeps
1048 871 1198 910 inveni-

77 925 166 964 endi
189 925 265 966 fuit
282 927 622 980 Thrasymachus,
652 930 762 978 cujus
787 928 918 968 omnia
941 926 1056 966 nimis
1079 925 1196 964 etiam

77 988 228 1019 exstant
244 982 383 1034 scripta
401 995 613 1022 numerose,
644 984 766 1030 Nam,
793 990 838 1022 ut
855 982 972 1034 paulo
990 988 1078 1019 ante
1097 979 1195 1026 dixi,

78 1035 185 1086 paria
200 1036 358 1097 paribus
375 1037 570 1087 adjuncta,
590 1045 627 1077 et
646 1038 821 1076 similiter
839 1036 1009 1083 definita,
1024 1035 1196 1096 itemque

78 1090 273 1129 contrariis
286 1091 406 1130 relata
422 1092 623 1141 contraria,
640 1106 727 1144 quae
745 1105 816 1130 sua
834 1099 981 1143 sponte,
995 1089 1143 1128 etiamsi
1157 1087 1199 1125 id

78 1155 156 1181 non
175 1157 278 1205 agas,
299 1145 441 1184 oedunt
457 1147 687 1198 plerumque
704 1158 919 1194 numerose,
942 1143 1104 1195 Gorgias
1118 1142 1199 1194 pri-

78 1209 167 1236 mus
180 1198 245 1237 inv
247 1199 349 1238 enit:
379 1200 446 1239 sed
463 1201 523 1239 his
536 1208 591 1239 est
602 1214 696 1239 usus
709 1199 1036 1252 intemperantius.
1067 1197 1116 1236 Id
1128 1209 1199 1234 au-

78 1258 157 1289 tem
176 1260 232 1291 est
245 1266 379 1304 genus,
398 1262 444 1293 ut
461 1262 550 1294 ante
568 1255 714 1294 dictum
734 1262 803 1304 651,
817 1267 866 1294 ex
884 1254 1005 1293 tribus
1024 1251 1198 1304 partibus

79 1306 334 1346 collocationis
352 1309 526 1347 alterum.

133 1360 289 1399 Horum
317 1370 478 1414 uterque
507 1364 715 1402 Isocratem
745 1370 856 1402 aetate
886 1360 1110 1422 Ρ1366111111;
1152 1366 1199 1396 ut

80 1427 143 1453 605
175 1414 241 1454 1116
268 1416 540 1467 moderatione,
572 1430 650 1456 non
677 1417 910 1464 inventione,
944 1414 1086 1454 vicerit.
1121 1413 1197 1451 Est

81 1469 200 1518 enim,
228 1477 274 1509 ut
300 1470 342 1509 in
367 1471 636 1510 transferendis
662 1471 920 1523 faciendisque
944 1468 1068 1508 verbis
1094 1474 1200 1506 tran-

80 1523 249 1574 quillior,
270 1524 323 1564 sic
340 1524 381 1562 in
394 1525 485 1576 ipsis
503 1526 672 1565 numeris
684 1525 856 1565 sedatior.
888 1524 1050 1574 Gorgias
1069 1530 1201 1560 autem

79 1577 224 1616 avidior
242 1586 298 1617 651
311 1580 458 1630 generis
477 1581 573 1630 ejus,
594 1589 632 1619 et
648 1580 708 1619 his
725 1578 992 1618 festivitatibus
1008 1577 1077 1620 (516
1095 1576 1201 1614 6111111

79 1631 161 1682 ipse
171 1640 312 1681 censet)
327 1634 550 1672 insolentius
562 1635 733 1672 abutitur
746 1648 759 1681 3
781 1647 876 1686 quas
891 1633 1076 1671 Isocrates
1089 1634 1198 1674 (cum

83 1692 211 1725 tamen
228 1687 461 1727 audivisset
451 1701 492 1726 m
511 1689 713 1727 Thessalia
733 1688 949 1726 adolescens
967 1698 1099 1724 senem
1114 1686 1200 1735 jam

83 1739 285 1792 Gorgiam)
303 1742 536 1781 moderatius
554 1743 792 1795 temperavit.
820 1740 1047 1790 Quinetiam
1067 1753 1106 1778 se
1118 1740 1201 1800 ipse

81 1799 248 1845 tantum,
282 1804 473 1848 quantum
505 1804 616 1835 aetate
646 1797 887 1849 procedebat,
923 1798 1059 1858 (prope
1095 1794 1201 1832 enim

82 1856 238 1887 centum
255 1850 416 1889 confecit
442 1858 577 1900 annos)
593 1851 784 1889 relaxarat
800 1864 824 1888 a
841 1850 965 1887 nimia
982 1847 1202 1887 necessitate

83 1914 360 1942 numerorum:
390 1905 494 1957 quod
520 1905 688 1944 declarat
714 1905 754 1943 in
785 1917 829 1942 eo
857 1904 971 1952 libro,
1003 1915 1119 1954 quem
1151 1901 1201 1938 ad

85 1955 311 2008 Philippum
330 1958 587 1998 Macedonem
606 1959 767 2011 scripsit,
788 1971 879 1997 cum
893 1960 976 2008 jam
990 1955 1202 1994 admodum

84 2018 179 2049 esset
197 2024 336 2050 senex·
366 2013 407 2050 in
427 2026 504 2065 quo
521 2013 614 2052 dicit
632 2026 710 2052 sese
723 2013 853 2052 minus
869 2014 953 2063 jam
971 2010 1109 2050 servire
1126 2022 1202 2047 nu-

85 2064 212 2112 meris,
232 2079 351 2117 quam
370 2067 502 2106 solitus
520 2075 627 2106 esset.
667 2068 730 2107 Ita
747 2079 825 2106 non
843 2066 959 2106 modo
977 2064 1203 2117 superiores,

83 2117 150 2157 sed
167 2118 283 2158 etiam
302 2133 342 2158 se
358 2121 454 2173 ipse,
474 2129 697 2161 correxerat.

140 2172 260 2211 LIII.
289 2173 486 2222 Quoniam
504 2175 621 2227 igitur
628 2175 819 2214 habemus
833 2182 934 2227 aptae
947 2171 1127 2212 orationis
1138 2182 1201 2209 605

88 2237 276 2280 ΡῘΠΜΡθ8
289 2236 549 2281 Μῦωῐῶςυε,
565 2243 661 2282 quos
675 2229 859 2279 diximus,
872 2236 910 2267 et
927 2227 1035 2279 origo
1051 2226 1208 2264 inventa
