1456 2396
222 119 298 159 198
336 116 419 156 An
440 115 815 166 HERENNIUM,
836 117 935 155 Lm.
949 116 1030 156 111.
1051 116 1155 158 cru».
1172 118 1232 157 12.

219 238 300 264 cere
318 225 546 273 desinamus,
566 232 751 264 recentem
774 225 942 276 aliquam
961 224 1171 276 relinquere
1187 224 1227 262 in
1245 226 1326 263 ani-

219 279 292 317 mis
310 278 526 317 auditorum
543 280 638 317 bene
656 278 807 316 firmam
825 279 1201 329 argumentationem.
1231 279 1328 317 Haec

218 333 411 383 dispositio
428 333 611 380 locorum,
634 340 832 383 tamquam
854 332 1049 370 instructio
1070 332 1252 380 militum,
1271 332 1327 370 fa-

219 387 359 424 cillime
377 386 417 423 in
434 386 605 434 dicendo,
625 385 720 424 sieut
737 387 803 424 illa
821 386 860 423 in
878 385 1097 437 pugnando,
1116 398 1248 436 parare
1261 399 1329 438 po-

221 448 308 478 tent
326 448 532 477 victoriam.

274 494 351 531 XI.
383 492 734 531 Pronuntiationem
758 493 872 531 multi
896 492 1064 530 maxime
1088 492 1221 530 utilem
1248 505 1330 531 ora-

221 547 294 585 tori
325 547 503 584 dixerunt
529 560 620 593 esse,
651 554 688 585 et
717 547 765 584 ad
792 545 1095 598 persuadendum
1121 547 1333 597 plurimum

222 602 356 639 valere.
396 601 480 638 Nos
504 600 658 651 quidem
684 613 721 637 ιι
712 613 801 638 iam
823 600 871 638 de
895 600 1065 651 quinque
1086 601 1196 638 rebus
1214 600 1334 651 pluri-1

222 668 332 692 mum
350 667 457 705 posse
475 666 550 692 non
569 654 676 692 facile
695 654 926 700 dixerimus;
956 665 1038 701 nec,
1063 653 1209 704 egregie
1225 666 1334 704 mag-

223 721 313 746 nam
336 721 413 746 esse
438 707 667 745 utilitatem
657 720 697 745 m
716 707 1034 759 pronuntiatione,
1053 706 1229 745 audacter
1246 719 1333 745 con-

224 762 424 800 firmaveriz
417 774 521 799 -211us
556 774 647 799 nam
677 761 885 800 conmiodae
911 760 1157 809 inventiones,
1185 768 1222 798 et
1247 773 1335 798 6011-

223 815 344 853 cinnae
362 817 561 853 verborum
581 815 818 862 elocutiones,
839 822 875 853 ct
893 814 1060 866 partium
1078 827 1199 852 causae
1220 814 1336 852 artifi-

224 870 332 907 ciosae
353 868 624 920 dispositiones,
651 876 687 906 et
711 868 847 906 horum
873 868 1046 906 omnium
1071 867 1231 918 diligens
1254 879 1335 906 me-

225 923 358 970 moria,
375 923 453 960 sine
468 936 512 972 pr
495 922 783 982 enuntiatione,
803 921 920 973 [non]
936 922 1037 973 plus,
1050 934 1167 972 quam
1182 921 1262 959 sine
1278 921 1337 959 his

225 978 336 1014 rebus
355 976 611 1027 pronuntiatio
629 977 722 1023 sola,
742 976 864 1013 valere
888 975 1035 1035 poterit.
1077 976 1220 1023 Quare,
1246 975 1338 1026 quia

225 1043 338 1068 nemo
366 1030 414 1067 de
438 1043 483 1068 ea
510 1042 549 1067 re
577 1029 775 1080 diligenter
804 1029 950 1080 scripsit
978 1031 1086 1071 (nam
1114 1040 1245 1066 omnes
1271 1028 1336 1066 vix

225 1096 333 1134 posse
357 1083 541 1134 putarunt
564 1083 611 1120 de
636 1095 738 1129 voce,
770 1090 807 1120 et
831 1083 954 1130 vultu,
981 1090 1018 1120 et
1042 1089 1150 1132 gestu
1174 1081 1339 1120 dilucide

226 1137 351 1185 scribi,
372 1150 460 1175 cum
478 1137 538 1174 hae
555 1149 613 1174 res
632 1136 680 1174 ad
699 1149 827 1174 sensus
851 1143 996 1173 nostros
1018 1135 1277 1185 pertinerent),
1302 1142 1340 1173 et

226 1191 318 1241 quia
335 1203 563 1241 magnopere
581 1203 625 1228 ea
645 1203 732 1240 pars
756 1202 779 1227 a
803 1189 912 1227 nobis
937 1188 986 1226 m
1008 1188 1212 1226 dicendum
1237 1201 1339 1227 eom-

228 1243 395 1295 paranda
412 1251 492 1290 est3
522 1256 597 1282 non
623 1243 855 1294 negligenter
879 1241 1026 1280 videtur
1049 1249 1128 1281 tota
1144 1254 1202 1282 res
1220 1242 1340 1281 consi-

227 1297 405 1336 deranda.

282 1351 479 1389 Dividitur
502 1350 619 1402 igitur
643 1350 899 1402 pronmitiatio
922 1350 963 1388 in
987 1349 1088 1389 vocis
1105 1349 1283 1401 figuram,
1303 1357 1341 1388 et

227 1405 391 1456 corporis
408 1413 570 1442 motum.
599 1405 743 1455 Figura
761 1404 859 1442 vocis
878 1412 946 1449 est,
967 1417 1053 1455 quae
1075 1417 1188 1442 suum
1206 1416 1340 1455 quem-

227 1459 318 1496 dam
336 1458 499 1510 possidet
520 1458 696 1495 habitum
714 1458 856 1496 ratione
878 1466 915 1495 et
938 1457 1123 1496 industria
1147 1469 1340 1508 compara-

229 1519 327 1549 tum.
372 1512 434 1550 Ea
464 1511 644 1549 dividitur
674 1512 715 1549 in
747 1519 821 1550 trae
851 1519 989 1563 partes,
1022 1510 1339 1571 magnitudinem,

230 1565 518 1612 firmitudinem,
550 1565 841 1603 mollitudinem.
896 1564 1208 1616 Magnitudinem
1243 1564 1342 1602 vocis

230 1619 398 1657 maxime
409 1627 601 1670 comparat
611 1627 768 1665 natura3
785 1619 959 1657 nonnihil
969 1618 1144 1669 adauget,
1158 1617 1223 1656 sed
1233 1629 1342 1656 max-

230 1673 307 1711 ime
343 1680 548 1720 conservat,
586 1685 700 1711 cura:
740 1672 1013 1711 firmitudinem
1044 1671 1144 1710 vocis
1174 1671 1343 1709 maxime
1386 1692 1388 1694 v

230 1733 367 1764 natura
381 1732 592 1777 comparat3
617 1726 788 1764 nonnihil
804 1726 980 1777 adauget,
995 1725 1060 1763 sed
1073 1725 1241 1763 maxime
1254 1737 1342 1763 con-

231 1788 366 1828 servat,
382 1780 595 1818 exercitatio
609 1779 908 1820 declamationis:
933 1778 1212 1818 mollitudinem
1226 1779 1341 1826 vocis,

232 1834 304 1873 hoc
322 1841 390 1883 est,
410 1841 454 1871 ut
472 1846 556 1872 eam
574 1842 747 1886 torquere
765 1834 804 1870 in
823 1833 994 1882 dicendo,
1013 1845 1082 1883 pro
1099 1839 1226 1870 nostro
1240 1844 1342 1870 oom-

233 1887 360 1948 modo,
380 1887 580 1938 possimus,
599 1900 768 1925 mamme
785 1886 896 1925 faciet
918 1885 1131 1925 exercitatio
1155 1885 1342 1924 declama-

232 1941 356 1979 tionis.
390 1940 646 1993 Quapropter,
673 1940 720 1979 de
744 1940 1006 1991 magnitudine
1030 1939 1143 1987 vocis,
1169 1946 1206 1976 et
1223 1938 1342 1976 firmi-

234 1994 374 2032 tudinis
405 2002 524 2045 parte,
558 1994 739 2046 quoniam
776 1995 893 2032 altera
922 1993 1072 2040 natura,
1105 1992 1222 2030 altera
1253 1992 1343 2030 cura

234 2055 486 2108 comparatur,
512 2047 608 2086 nihil
633 2048 681 2086 ad
703 2060 771 2086 nos
789 2047 922 2086 attinet
939 2057 1189 2106 commonere,
1208 2045 1280 2083 nisi
1299 2052 1343 2082 ut

235 2102 360 2149 abiis,
380 2102 447 2152 qui
465 2114 540 2140 non
559 2102 665 2140 1115611
683 2109 771 2139 sunt
789 2102 869 2151 ejus
884 2101 1044 2149 artificii,
1060 2099 1154 2138 ratio
1167 2098 1342 2138 curandae
1393 2148 1397 2149 ⁷

236 2155 334 2193 vocis
353 2163 512 2205 petatur.

288 2209 389 2248 XII.
406 2208 467 2248 De
479 2210 523 2251 ea
533 2217 639 2262 parte
650 2208 906 2260 firmitudinis,
916 2221 1001 2261 quae
1013 2213 1248 2248 conservatur
1259 2217 1342 2244 mo-
