1456 2396
240 105 316 144 104
390 105 565 145 ORAT.
596 105 1008 155 PARTITIONES,
1039 105 1146 145 CAP.
1166 107 1204 145 8.

248 213 421 263 alterius,
437 222 506 254 aut
523 215 724 254 minuendi
742 216 801 255 sui
819 229 948 264 031153,
969 214 1044 253 3113
1056 214 1133 253 (1101
1145 215 1195 252 ab
1208 221 1370 263 oratore,

249 267 327 306 alia
345 269 555 308 existimari
573 270 763 319 videntur,
782 270 899 322 idque
924 269 1102 308 comitate
1126 268 1208 306 fieri
1233 269 1372 320 magis,

252 335 373 374 quam
391 324 569 363 vanitate.
609 324 685 363 Sed
702 325 827 363 multa
849 331 938 362 sunt
957 323 1152 362 suavitatis
1169 330 1372 384 praeoepta,

252 389 342 427 quae
359 378 568 417 orationem
587 386 655 417 aut
677 379 800 431 magis
819 380 1034 425 obscuram,
1055 386 1123 416 aut
1139 377 1269 415 minus
1286 390 1376 428 pro-

252 431 437 493 babilem,
465 432 618 471 faciant.
662 434 801 485 Itaque
828 433 942 471 etiam
972 432 1045 470 hoc
1072 432 1155 470 loco
1183 431 1293 470 nobis
1321 438 1377 470 est

253 484 360 537 ipsis,
381 486 475 538 quid
493 500 606 526 causa
623 489 804 540 postulet,
820 486 1087 538 judicandum.

309 539 412 579 VII.
450 542 595 580 Filius.
631 542 846 594 Reliquum
874 548 929 579 est
957 540 1088 592 igitur,
1121 546 1166 578 ut
1195 539 1298 578 dicas
1328 540 1376 578 de

257 595 438 634 0011νο153
466 596 634 635 oratione
667 605 782 648 atque
814 595 975 634 mutata.
1032 596 1169 634 Pater.
1202 593 1276 633 Est
1304 594 1377 632 ita-

256 661 333 700 que
354 649 396 687 id
420 662 542 701 genus
566 658 691 689 totum
717 651 834 689 situm
859 650 900 687 in
926 649 1225 688 commutatione
1244 650 1378 687 verbo-

257 715 373 749 111111;
402 717 490 756 quae
508 705 773 756 simplicibus
763 718 804 742 111
823 704 947 743 verbis
965 703 1019 741 ita
1038 711 1234 752 tractatur,
1253 711 1299 742 ut
1312 711 1380 742 aut

258 769 308 795 ex
326 759 441 797 verbo
459 758 652 808 dilatetur,
668 767 735 798 aut
748 760 789 797 in
804 760 964 798 verbum
978 758 1224 797 contrahatur
1237 757 1378 796 oratio.

259 824 308 850 ex
333 814 462 860 verbo,
489 826 578 851 cum
604 822 671 852 aut
695 813 908 866 proprium,
936 820 1004 850 aut
1023 811 1127 850 idem
1147 811 1378 864 significans,

258 873 328 904 aut
351 865 497 905 factum
522 869 696 915 verbum,
724 868 765 906 in
795 868 908 919 plura
936 868 1052 905 verba
1078 867 1297 905 diducitur:
1332 879 1381 905 ex

259 920 442 970 oratione,
470 934 560 960 cum
585 930 652 960 aut
677 922 847 961 definitio
871 921 921 960 ad
945 934 1070 959 unum
1093 923 1254 960 verbum
1273 933 1381 959 revo-

259 982 380 1023 catur,
396 983 464 1014 aut
477 984 647 1015 assumta
659 978 775 1015 verba
788 984 1046 1038 removentur,
1067 983 1133 1014 aut
1146 976 1188 1013 in
1202 975 1383 1014 circuitus

258 1029 491 1080 diriguntur,
511 1038 578 1069 aut
596 1031 637 1069 in
656 1031 923 1081 conjunctione
941 1029 985 1068 fit
1003 1043 1125 1068 unum
1147 1031 1308 1069 verbum
1334 1043 1383 1069 ex

259 1083 422 1122 duobus.
452 1084 502 1122 111
521 1085 732 1147 conjunctis
750 1093 880 1124 autem
899 1085 1038 1132 verbis,
1054 1084 1196 1136 triplex
1209 1084 1383 1123 adhiberi

259 1145 383 1189 potest
407 1124 669 1187 commutatio,
696 1152 774 1178 non
800 1141 1017 1186 verborum,
1045 1139 1111 1178 sed
1136 1139 1279 1178 ordinis
1297 1146 1384 1178 tan-

259 1193 486 1239 tummodo;
521 1202 579 1241 ut,
607 1207 696 1233 cum
723 1194 840 1233 semel
865 1194 1011 1232 dietum
1038 1194 1086 1232 sit
1109 1193 1263 1241 directe,
1287 1193 1386 1232 sicut

259 1254 399 1285 natura
422 1247 505 1299 ipsa
530 1248 674 1297 tulerit,
702 1249 914 1287 invertatur
935 1248 1042 1296 ordo,
1069 1255 1107 1286 et
1130 1247 1248 1297 idem,
1275 1249 1385 1300 quasi

260 1314 413 1339 sursum
432 1315 562 1341 versus
579 1311 755 1355 retroque
773 1303 946 1348 dicatum
976 1302 1114 1341 deinde
1136 1302 1242 1341 idem
1267 1302 1386 1341 inter-

260 1356 335 1394 eise
364 1364 481 1408 atque
511 1358 713 1408 permixte.
755 1357 976 1409 Eloquendi
1005 1364 1136 1396 autem
1168 1357 1386 1396 exercitatio

259 1410 431 1449 maxime
448 1411 490 1448 in
509 1411 582 1450 hoc
600 1419 678 1450 toto
697 1411 940 1451 convertendi
957 1424 1095 1463 genere
1113 1419 1294 1450 versatur.

314 1466 461 1503 Filius.
489 1465 607 1505 Actio
631 1467 749 1518 igitur
771 1466 958 1518 sequitur,
979 1474 1024 1504 ut
1040 1466 1187 1518 opinor.
1245 1468 1383 1505 Pater.

259 1518 334 1558 Est
351 1519 406 1558 ita
418 1535 430 1558 ε
461 1534 548 1572 quae
566 1521 723 1572 quidem
742 1521 895 1568 oratori,
915 1528 952 1559 et
977 1533 1066 1559 cum
1088 1533 1218 1559 rerum
1237 1529 1274 1559 et
1292 1534 1383 1560 cum

262 1575 464 1613 verborum
479 1576 697 1622 momentis,
712 1575 985 1614 commutanda
997 1575 1169 1614 maxime
1182 1582 1249 1614 oet.
1274 1575 1385 1614 Facit

259 1629 365 1667 enim
384 1635 421 1667 et
438 1629 647 1668 dilucidam
666 1631 891 1678 orationem,
911 1638 949 1668 et
967 1629 1169 1676 illustrem,
1191 1637 1228 1668 et
1245 1632 1385 1681 proba-

259 1683 394 1732 bilem,
421 1690 458 1722 et
483 1697 654 1733 suavem,
681 1697 759 1723 non
784 1684 922 1733 verbis,
947 1683 1012 1722 sed
1031 1684 1211 1723 varietate
1228 1697 1383 1733 vocum,

258 1745 370 1776 motu
395 1739 574 1790 corporis,
602 1739 740 1785 vultu;
775 1752 862 1790 quae
877 1738 1101 1801 plurimum
1127 1738 1385 1787 valebunt,si

258 1804 350 1831 cum
368 1792 547 1831 orationis
565 1806 701 1844 genere
720 1793 967 1841 consentient,
988 1794 1147 1845 ejusque
1165 1792 1245 1831 vim
1259 1806 1304 1832 ac
1318 1806 1384 1832 va-

256 1847 432 1886 rietatem
457 1849 748 1900 subsequentur.
804 1849 948 1887 Filius.
984 1847 1097 1886 Num
1123 1847 1310 1900 quidnam
1336 1847 1385 1886 de

257 1910 407 1942 oratore
423 1902 507 1955 ipso
525 1910 664 1941 restat.
655 1904 672 1929 ⁹
721 1904 858 1941 Pater.
888 1901 1002 1940 Nihil
1021 1915 1125 1949 sane,
1145 1909 1282 1953 praeter
1299 1915 1383 1941 me-

257 1957 437 2006 1110113111,
458 1971 546 2009 quae
564 1964 619 1996 est
637 1957 792 2008 gemina
809 1957 1015 1996 literaturae
1029 1956 1329 2008 quodammodo,
1346 1964 1385 1995 et

255 2012 298 2050 in
317 2011 493 2049 dissimili
511 2024 647 2063 genere
670 2011 885 2063 persimilis.
926 2011 1048 2057 Nam,
1075 2018 1119 2049 ut
1143 2010 1213 2049 illa
1236 2018 1384 2050 constat

256 2079 306 2106 ex
323 2065 422 2104 notis
440 2066 653 2113 literarum,
673 2074 710 2104 et
725 2079 772 2104 ex
787 2079 845 2114 eo,
865 2065 907 2104 in
921 2077 999 2117 quo
1012 2065 1291 2117 imprimuntur
1304 2066 1383 2104 illae

255 2128 382 2165 notae3
417 2119 469 2158 sic
495 2120 678 2158 confectio
703 2121 913 2166 memoriae,
940 2127 1142 2171 tamquam
1167 2132 1266 2169 cera,
1289 2120 1382 2159 locis

254 2175 392 2221 utitur,
412 2181 449 2212 et
466 2174 508 2212 in
525 2174 615 2213 his
603 2175 805 2226 imagines,
826 2181 869 2215 ut
886 2174 1029 2222 literas,
1046 2174 1215 2212 collocat.

306 2227 431 2269 VIII.
460 2230 606 2268 Filius.
635 2228 835 2277 Quoniam
859 2229 979 2281 igitur
1003 2228 1060 2268 vis
1078 2228 1236 2269 oratoris
1253 2228 1380 2268 omnis

1454 146 1456 158 1
