1456 2396
116 114 197 154 218
231 112 316 152 AD
345 111 727 163 HERENNIUM,
746 113 845 153 Lm.
864 113 940 154 IV.
959 112 1066 154 car.
1080 114 1124 154 9.·

114 235 193 276 quo
210 222 341 270 modo,
362 222 494 262 Deum
512 223 666 275 templis
684 223 868 275 spoliatis,
881 222 1133 275 optimatibus
1157 228 1240 261 tru-

114 277 263 327 cidatis,
283 277 368 316 aliis
386 277 551 330 abreptis
569 277 610 316 in
630 278 865 327 servitutem,
885 277 1241 316 matribusfamilias

115 338 154 370 et
180 331 357 383 ingenuis
387 333 459 370 sub
490 331 669 371 hostilem
696 332 898 371 libidinem
925 331 1118 382 subjectis,
1147 334 1243 371 urbs

115 385 359 425 acerbissimo
378 386 551 425 concidat
567 386 742 425 incendio
771 385 1043 439 [conflagrata]
1063 400 1073 424 :
1104 386 1173 438 qui
1199 399 1240 425 se

115 452 194 478 non
213 447 353 492 putant
380 440 434 489 id,
464 440 569 492 quod
593 441 797 490 voluerint,
825 441 874 479 ad
900 441 1048 479 exitum
1072 441 1242 492 perdux-

115 494 202 542 isse,
235 494 309 532 nisi
339 495 584 534 sanctissimae
614 495 748 547 patriae
776 495 1040 534 miserandum
1073 494 1242 534 scelerati

115 548 282 587 viderint
307 549 484 588 cinerem.
532 550 696 601 Nequeo
723 549 847 588 verbis
867 549 1061 601 consequi,
1078 549 1240 599 judices,

114 602 384 654 indignitatem
402 603 457 642 rei
473 618 484 642 τ
514 603 581 642 sed
598 604 853 655 negligentius
880 603 922 641 id
948 603 1044 650 fero,
1064 603 1157 655 quia
1175 616 1242 642 vos

115 657 194 695 mei
212 669 291 696 non
314 657 443 709 egetis.
474 658 612 697 Vester
631 658 734 696 enim
754 671 819 696 vos
838 658 1006 706 animus,
1026 657 1243 696 amantissi-

116 724 205 750 mus
230 712 462 764 reipublicae,
482 712 594 750 facile
620 711 763 760 edocet,
794 720 839 750 ut
857 725 962 761 eum,
983 712 1051 764 qui
1069 711 1242 750 fortunas

114 766 293 805 omnium
313 767 475 805 voluerit
492 766 665 819 prodere,
685 766 919 818 praecipitem
937 766 1169 819 proturbetis
1194 779 1243 805 ex

116 820 162 860 ea
188 821 353 869 civitate,
375 834 492 873 quam
521 821 591 859 iste
618 820 948 872 spurcissimorum
978 820 1148 861 hostium
1173 820 1244 859 do-

115 875 268 914 minatu
286 875 431 914 nefario
450 875 611 914 voluerit
630 875 831 914 obruere.'’

173 930 251 968 IX.
292 930 343 968 In
369 930 551 968 mediocri
570 929 695 980 figura
713 928 924 968 versabitur
941 930 1075 980 oratio,
1096 929 1128 969 si
1145 930 1242 979 haee‚

116 991 163 1024 ut
189 992 277 1023 ante
304 984 401 1033 dixi,
431 984 716 1036 aliquantulum
743 983 1021 1032 demiserimus,
1041 997 1167 1036 neque
1186 992 1245 1024 ta-

115 1052 207 1079 men
225 1039 275 1078 ad
293 1038 475 1077 infimum
494 1038 812 1086 descenderimus,
841 1039 892 1077 sic
909 1053 920 1076 ε
953 1040 981 1060 “
995 1038 1243 1087 Quibuscum

116 1094 266 1133 bellum
299 1093 482 1145 gerimus,
511 1092 671 1142 judices,
707 1092 868 1139 videtis;
899 1105 989 1131 cum
1018 1093 1140 1141 sociis,
1173 1093 1242 1146 qui

116 1162 187 1201 pro
205 1148 315 1186 nobis
334 1160 521 1199 pugnare,
547 1154 584 1185 et
610 1146 817 1198 imperium
844 1154 1019 1186 nostrum
1041 1148 1242 1187 nobiscum

115 1203 234 1241 simul
252 1202 392 1240 virtute
412 1208 449 1240 et
468 1200 657 1239 industria
675 1212 909 1249 conservare,
930 1201 1032 1240 soliti
1051 1210 1152 1241 sunt.
1183 1203 1241 1241 Hi

115 1270 206 1297 cum
225 1269 278 1304 se,
301 1263 338 1294 et
356 1268 446 1307 opes
471 1269 572 1304 suas,
604 1264 641 1293 et
667 1255 817 1306 copiam
845 1256 1144 1295 necaesariomm
1170 1259 1243 1295 1ιό-

112 1313 192 1352 rint
204 1325 216 1358 ;
247 1318 333 1348 tum
351 1323 439 1348 vero
453 1310 574 1348 nihilo
586 1309 716 1348 minus
730 1317 884 1361 propter
897 1310 1240 1362 propinquitatem,

116 1374 155 1406 et
182 1365 357 1405 omnium
386 1377 515 1402 rerum
544 1363 774 1412 societatem,
795 1364 890 1416 quid
917 1364 959 1402 in
977 1365 1158 1404 omnibus
1182 1379 1242 1404 re-

115 1423 190 1461 bus
226 1419 394 1472 populus
430 1419 634 1457 Romanus
670 1426 810 1470 posset,
841 1419 934 1458 scire
959 1426 996 1458 et
1023 1419 1242 1459 existimare

116 1483 305 1529 poterant.
354 1473 412 1511 Hi
444 1485 534 1512 cum
559 1473 830 1512 deliberassent
855 1473 1056 1513 nobiscum
1092 1475 1242 1513 bellum

117 1542 261 1583 gerere,
289 1541 432 1580 quaeso,
454 1541 541 1579 quae
559 1540 618 1566 res
637 1534 730 1575 erat,
752 1528 831 1580 qua
849 1527 937 1566 freti
954 1528 1102 1567 bellum
1123 1529 1241 1568 susci-

115 1598 206 1639 pere
238 1590 477 1631 conarentur,
512 1594 602 1620 cum
639 1582 764 1620 multo
802 1582 1016 1621 maximam
1051 1583 1241 1622 sociorum

115 1646 265 1692 partem
284 1637 324 1675 in
344 1636 467 1675 officio
486 1648 641 1675 manere
659 1636 916 1687 intelligerent
928 1639 946 1676 Ρ
975 1650 1064 1676 eum
1077 1637 1150 1677 sibi
1164 1650 1242 1677 non

114 1691 407 1732 multitudinem
425 1690 610 1740 militum,
631 1702 708 1729 non
723 1690 878 1730 idoneos
891 1691 1150 1743 imperatores,
1163 1704 1242 1732 non

114 1746 319 1801 pecuniam
338 1745 549 1797 publicam,
569 1752 708 1797 praesto
727 1758 808 1784 esse
825 1745 997 1785 viderent
1014 1760 1027 1793 ;
1070 1758 1150 1785 non
1173 1747 1240 1786 de-

115 1803 235 1854 nique
253 1800 375 1838 ullam
389 1812 486 1848 rem,
507 1813 595 1852 quae
613 1799 817 1851 pertineret
835 1799 885 1838 ad
897 1800 1044 1839 bellum
1056 1800 1242 1840 adminis-

117 1856 313 1897 trandum.
362 1854 405 1893 Si
430 1867 520 1893 cum
547 1853 720 1892 finitimis
738 1853 786 1892 de
804 1853 947 1892 finibus
964 1855 1113 1893 bellum
1131 1868 1240 1906 gere-

115 1918 227 1957 rent;
258 1909 289 1948 si
315 1916 441 1947 totum
460 1915 652 1947 certamen
670 1908 712 1946 in
731 1920 809 1947 uno
828 1909 960 1960 proelio
978 1910 1147 1961 positum
1164 1923 1240 1962 pu-

115 1972 266 2010 tarent;
296 1969 425 2001 tamen
443 1963 624 2001 omnibus
642 1964 756 2001 rebus
778 1962 1035 2002 instructiores
1060 1974 1104 2003 ac
1128 1977 1241 2016 para-

114 2021 228 2061 tiores
246 2017 443 2063 venirent3
473 2017 619 2055 nedum
646 2017 746 2056 illud
771 2016 980 2069 imperium
1002 2018 1104 2056 orbis
1130 2026 1240 2057 terrae

116 2076 197 2121 (cui
211 2071 373 2124 imperio
384 2083 516 2109 omnes
530 2079 676 2122 gentes,
692 2084 813 2123 reges,
826 2071 1012 2122 nationes,
1027 2072 1170 2124 partim
1185 2072 1239 2122 vi,

112 2129 256 2182 partim
283 2126 494 2174 voluntate,
522 2133 806 2175 consenserunt,
826 2138 917 2165 cum
943 2134 1011 2165 aut
1036 2127 1153 2166 armis
1171 2134 1240 2165 aut

111 2182 340 2224 liberalitate
365 2193 388 2218 a
410 2180 554 2231 populo
585 2180 765 2218 Romano
787 2180 954 2232 superati
973 2187 1112 2228 essent)
1132 2180 1182 2219 ad
1201 2193 1240 2219 se

114 2237 315 2279 transferre
346 2234 505 2274 tantulis
535 2234 680 2275 viribus
706 2242 944 2275 conarentur.
986 2234 1146 2283 Quaeret
1165 2235 1254 2274 315„
