1456 2396
180 95 263 134 320·
305 93 789 135 ACADEMICORUM
804 94 905 134 LIB.
921 94 981 134 11.
1000 94 1108 135 GAP.
1126 95 1195 141 27.

184 203 409 255 impressero
425 205 444 243 Ρ
485 217 616 256 ecquae
643 203 783 256 poterit
808 203 850 242 in
877 203 1116 255 agnoscendo
1139 215 1219 242 esse
1240 201 1301 242 ‹li-

186 257 338 296 stinctio
354 261 372 297 Ρ
400 271 450 296 an
478 258 549 296 tibi
571 258 642 296 erit
665 258 893 310 quaerendus
910 258 1132 296 annularius
1145 257 1298 310 aliquis,

187 312 371 362 quoniam
396 312 640 363 gallinarium
664 312 842 352 invenisti
862 312 1067 351 Deliacum
1084 312 1212 362 illum,
1232 312 1302 364 qui

187 378 261 403 ova
278 374 497 417 agnosceret
510 368 528 405 ἲ

242 419 429 458 XXVII.
459 419 534 459 Sed
548 419 702 459 adhibes
718 426 838 458 artem
853 418 1075 458 advocatam
1087 419 1203 457 etiam
1215 431 1303 458 sen-

187 472 305 512 sibus.
336 474 464 512 Pictor
482 474 598 522 videt,
614 488 701 536 quae
718 487 786 512 nos
798 486 875 512 non
888 474 1089 513 videmus·
1120 481 1170 521 et,
1186 473 1304 511 s‘nnul

185 526 335 565 inflavit
360 528 514 575 tibicen,
538 542 561 566 a
586 528 706 580 perito
729 541 880 566 carmen
900 527 1127 589 agnoscitur.
1157 527 1302 574 Quid?

187 580 261 619 hoc
290 593 417 620 nonne
442 582 590 620 videtur
612 590 743 620 contra
763 590 802 620 te
823 582 961 630 valere,
988 582 1033 630 si,
1054 581 1134 619 sine
1152 580 1304 631 magnis

189 634 371 682 artificiis,
393 636 458 679 (ad
477 649 564 688 quae
581 636 694 687 pauci
713 636 910 684 accedunt,
930 635 1051 673 nostri
1064 634 1220 686 quidem
1239 647 1306 685 ge-

189 689 305 738 neris,
325 689 552 738 admodum)
578 703 648 729 nec
672 690 812 738 videre,
831 702 902 728 nec
920 689 1051 727 audire
1068 701 1272 740 possumus
1285 691 1304 727 Ξ)

189 742 221 780 J
222 755 287 780 am
307 742 376 781 illa
393 745 586 795 praeclara,
607 752 750 796 quanto
769 743 926 782 artificio
945 750 1042 781 esset
1061 754 1194 780 sensus
1218 754 1307 780 nos-

190 803 284 844 tros,
304 806 565 849 mentemque,
587 806 624 836 et
648 806 768 836 totam
792 796 1110 836 constructionem
1137 796 1306 835 hominis

189 849 374 889 fabricata
391 859 541 900 natura,
563 865 630 890 cur
640 864 717 890 non
733 851 978 890 extimescam
993 849 1177 902 opinandi
1187 857 1307 889 teme-

190 904 343 942 ritatem
358 907 376 943 ?
404 905 587 943 Etiamne
602 906 675 944 hoc
688 905 876 943 affirmare
892 913 1014 956 potoe,
1035 904 1215 952 Luculle,
1228 917 1308 942 esse

190 958 362 1009 aliquam
376 959 470 1009 vim,
491 972 579 997 cum
598 959 802 1010 prudentia
821 966 858 996 et
876 958 1031 996 consilio
1050 958 1204 1006 scilicet,
1220 970 1307 1009 quae

189 1010 357 1058 finxerit,
385 1013 446 1050 vel
475 1015 536 1055 (ut
560 1020 628 1050 tuo
656 1013 770 1050 verbo
793 1020 895 1060 utar)
922 1025 1009 1063 quae
1035 1011 1219 1050 fabricata
1243 1012 1306 1060 sit,

189 1065 385 1103 hominem
405 1068 422 1104 ‚⁹
465 1065 603 1113 Qualis
627 1066 701 1103 ista
721 1066 866 1104 fabrica
893 1068 979 1104 est?
1008 1066 1077 1104 ubi
1102 1065 1306 1104 adhibita?

190 1119 377 1170 quando?
419 1121 518 1157 cur?
558 1132 636 1170 quo
666 1119 814 1158 modo?
844 1119 1077 1157 Tractantur
1101 1119 1174 1157 ista
1200 1119 1309 1171 inge-

189 1173 318 1210 niose:
349 1172 592 1224 disputantur
611 1172 727 1210 etiam
746 1174 947 1224 eleganter.
995 1173 1175 1224 Denique
1197 1173 1305 1212 vide-
1366 1213 1369 1217 ,

190 1234 305 1264 antur
333 1239 436 1273 sane,
463 1238 512 1264 ne
538 1226 775 1264 affirmentur
798 1227 926 1265 modo.
973 1226 1050 1265 Sed
1072 1226 1120 1264 de
1141 1226 1308 1278 physicis

190 1292 299 1328 mox,
316 1287 353 1318 et
371 1279 527 1332 quidem
547 1282 595 1318 ob
615 1293 699 1318 eam
719 1293 886 1328 causam,
907 1292 955 1318 ne
973 1287 1031 1327 tu,
1047 1280 1116 1331 qui
1129 1280 1232 1318 idem
1243 1293 1308 1319 me

191 1333 385 1372 facturum
403 1335 519 1385 paulo
545 1342 634 1372 ante
657 1334 811 1382 dixeris,
835 1334 985 1373 videare
1002 1334 1200 1372 mentitus.
1230 1335 1307 1373 Sed

191 1395 237 1425 ut
255 1387 304 1425 ad
323 1401 380 1436 ea,
402 1401 488 1439 quae
508 1388 665 1426 clariora
692 1396 795 1436 sunt,
821 1389 1000 1426 veniam:
1031 1401 1090 1426 res
1108 1389 1191 1438 jam
1219 1389 1309 1427 uni-

192 1454 317 1480 versas
353 1441 586 1492 profundam
601 1456 614 1488 3
658 1442 706 1480 de
738 1443 878 1494 quibus
914 1442 1114 1480 volumina
1147 1442 1308 1494 impleta

192 1503 296 1541 sunt,
313 1508 390 1533 non
409 1509 432 1533 a
450 1496 586 1534 nostris
601 1496 740 1543 solum,
756 1497 822 1534 sed
836 1496 951 1534 etiam
963 1509 986 1533 a
998 1495 1238 1548 Chrysippo:
1259 1496 1309 1535 de

193 1562 271 1600 quo
291 1549 399 1600 queri
423 1550 545 1588 solent
564 1550 695 1597 Stoici,
716 1550 810 1588 dum
825 1549 989 1588 studiose
1003 1550 1134 1588 omnia
1150 1550 1310 1602 conqui-

193 1602 296 1640 sierit
315 1611 446 1641 contra
464 1616 594 1642 sensus
613 1611 650 1641 et
667 1604 989 1655 perspicuitatem,
1007 1611 1213 1655 contraque
1223 1617 1310 1642 om-

193 1669 285 1694 nem
303 1657 630 1705 consuetudinem,
647 1666 853 1709 contraque
864 1658 1063 1705 rationem,
1076 1657 1220 1708 ipsum,
1236 1658 1309 1696 sibi

193 1710 500 1761 respondentem,
513 1711 732 1750 inferiorem
749 1712 891 1751 fuisse:
920 1711 1051 1763 itaque
1063 1713 1114 1750 ab
1128 1724 1171 1750 eo
1183 1724 1310 1750 arma-

195 1771 280 1802 tum
300 1777 378 1803 esse
397 1765 648 1803 Carneadem.

247 1818 311 1856 Ea
329 1826 418 1856 stmt
436 1820 637 1868 ejusmodi,
651 1833 739 1871 quae
752 1833 775 1858 a
793 1827 830 1858 te
848 1818 1137 1870 diligentissime
1150 1826 1310 1858 tractata

194 1879 296 1910 sunt.
325 1871 627 1921 Dormientium,
644 1882 681 1912 et
699 1874 993 1921 vinolentorum,
1007 1880 1044 1911 et
1061 1872 1307 1921 furiosorum,

195 1926 277 1964 visa
289 1926 537 1964 imbecilliora
551 1940 629 1965 esse
647 1928 810 1975 dicebas,
827 1940 944 1980 quam
963 1927 1222 1978 vigilantium,
1237 1927 1310 1966 sic-

196 1993 343 2026 corum,
364 1993 567 2018 sanorum:
599 1995 676 2032 quo
694 1982 809 2020 modo
823 1984 841 2020 ,⁹
870 1982 975 2033 quia,
995 1992 1085 2019 cum
1113 1993 1310 2033 experrec-

195 2040 258 2071 tus
283 2042 378 2072 esset
402 2033 568 2082 Ennius,
589 2047 665 2072 non
688 2035 826 2074 diceret
848 2048 887 2073 se
909 2035 1046 2073 vidisse
1071 2035 1306 2085 Homerum,

198 2087 263 2126 sed
283 2088 408 2126 visum
427 2101 506 2126 esse
518 2103 530 2126 ε
558 2089 735 2127 Alcmaeo
753 2097 897 2137 autem,

253 2184 281 2205 “
296 2183 373 2224 Sed
391 2183 487 2223 mihi
505 2184 729 2237 neutiquam
744 2198 806 2225 cor
823 2184 1048 2225 consentit.”
