1456 2396
297 110 377 152 DE
406 109 659 159 FINIBUS‚
690 108 793 149 Lm.
814 85 871 149 Π.
899 109 1008 151 cn.
1028 112 1095 150 28.
1189 113 1272 152 413
1306 89 1320 104 ‘

128 233 235 271 nam,
264 220 407 274 quibus
435 220 549 258 rebus
579 219 797 258 efficiuntur
821 219 1051 272 voluptates,
1085 220 1147 259 hae
1178 233 1258 259 non

129 283 220 316 sunt
247 275 290 314 in
317 281 503 328 potestate
534 274 726 325 sapientis.
756 275 849 313 Non
877 275 980 312 enim
1009 275 1050 312 in
1079 274 1165 326 ipsa
1198 288 1257 313 sa-

129 329 276 383 pientia
307 330 479 381 positum
509 336 564 366 est
593 330 750 367 beatum
789 341 881 375 esse,
914 329 981 367 sed
1006 329 1047 367 in
1073 329 1120 367 iis
1143 331 1256 368 rebus

130 398 228 437 quas
246 383 434 436 sapientia
453 390 649 434 comparat
667 382 717 420 ad
735 383 986 434 voluptatem.
1017 383 1165 422 Totum
1187 397 1258 422 au-

129 446 210 478 tem
227 438 268 477 id
288 445 516 477 externum:
543 444 593 485 et,
611 437 715 488 quod
735 445 950 485 externum,
966 437 1007 475 id
1026 438 1067 475 in
1087 451 1174 476 casu
1188 445 1255 476 est.

130 494 195 532 Ita
213 493 258 531 fit
274 495 396 531 beatae
415 492 505 531 vitae
523 491 681 530 domina
698 491 878 537 fortuna3
912 505 1031 544 quam
1061 492 1257 544 Epicurus

130 547 185 586 ait
204 549 233 571 ‘⁶
247 547 429 598 exiguam
448 546 676 584 intervenire
696 546 900 597 sapienti.”

184 601 397 640 XXVIII.
429 600 530 652 Age,
550 599 729 652 inquies:
765 600 838 638 ista
860 614 978 652 parva
1007 608 1123 640 sunt:
1157 603 1259 640 “sa-

129 655 300 709 pientem
318 655 527 707 locupletat
542 654 625 706 ipsa
636 661 774 692 natura
790 655 831 700 ;”
861 656 970 705 cujus
989 656 1140 694 divitias
1158 656 1258 708 Epi-

129 723 246 749 curus
274 710 464 762 parabiles
494 722 573 748 esse
605 709 745 747 docuit.
788 708 886 747 Haec
918 712 1015 748 bene
1044 710 1253 756 dicuntur;

130 777 201 804 nec
230 777 300 816 ego
317 776 517 816 repugno:
549 763 614 802 sed
633 763 732 801 inter
751 776 829 802 sese
856 764 939 815 ipsa
957 772 1143 816 pugnant.
1173 765 1214 803 N
1217 778 1257 803 e-

129 826 197 871 gat
226 819 344 868 enim,
375 818 598 857 tenuissimo
631 817 749 865 victu,
782 818 823 855 id
849 825 917 866 est,
949 819 1256 858 contemtissimis

130 873 222 912 escis
268 880 307 912 et
335 873 569 925 potionibus,
610 872 799 910 minorem
829 873 1066 924 voluptatem
1096 873 1254 925 percipi,

127 941 248 981 quam
261 929 374 966 rebus
389 926 695 979 exquisitissimis
709 926 758 964 ad
770 927 1019 978 epulandum.
1050 927 1158 966 Huic
1170 940 1254 979 ego,

128 983 161 1021 si
192 989 348 1034 negaret
381 981 596 1034 quidquam
625 981 803 1019 interesse
822 981 871 1019 ad
896 983 1005 1020 beate
1029 983 1253 1030 vivendum,

127 1037 235 1089 quali
252 1043 424 1075 uteretur
449 1036 568 1083 victu,
589 1035 833 1074 concederem
850 1050 860 1074 ε
891 1036 1090 1074 laudarem
1109 1037 1224 1075 etiam
1242 1051 1253 1074 ε

127 1104 264 1130 verum
289 1091 393 1130 enim
411 1090 577 1129 diceret:
607 1090 725 1142 idque
753 1090 961 1139 Socratem,
992 1091 1059 1142 qui
1079 1092 1257 1143 volupta-

126 1151 208 1185 tem
226 1146 336 1184 nullo
364 1145 448 1184 loco
466 1152 658 1193 numerat,
690 1145 804 1183 audio
834 1145 1039 1194 dicentem,
1059 1145 1134 1184 cibi
1164 1158 1254 1184 con-

128 1200 348 1239 dimentum
373 1213 452 1238 esse
470 1199 629 1248 famem,
649 1199 815 1250 potionis
837 1199 952 1238 sitim.
984 1200 1074 1247 Sed,
1103 1199 1185 1252 qui,
1206 1200 1256 1238 ad

129 1256 368 1307 voluptatem
386 1254 518 1292 omnia
530 1254 710 1302 referens,
723 1254 816 1292 vivit
830 1262 874 1291 ut
891 1253 1108 1303 Gallonius,
1129 1254 1257 1306 loqui-

130 1316 194 1348 tur
212 1316 258 1348 ut
276 1309 400 1360 Frugi
423 1309 489 1347 ille
509 1308 614 1355 Piso,
646 1321 723 1346 non
750 1308 888 1346 audio:
919 1321 989 1347 nec
1014 1309 1118 1347 enim
1148 1322 1255 1358 eum,

130 1363 235 1416 quod
254 1363 406 1412 sentiat,
426 1363 549 1402 dicere
568 1363 758 1401 existimo.

188 1419 397 1457 Naturales
416 1417 566 1456 divitias
585 1417 683 1455 dixit
701 1418 889 1469 parabiles
905 1430 997 1466 esse,
1020 1418 1124 1471 quod
1138 1432 1257 1470 parvo

132 1480 229 1513 esset
259 1479 398 1511 natura
424 1479 613 1510 contenta.
643 1471 769 1518 Certe,
796 1473 871 1511 nisi
902 1474 1136 1525 voluptatem
1159 1473 1257 1511 tanti

133 1527 383 1567 aestimaretis.
413 1528 442 1549 “
462 1527 555 1564 Non
569 1526 739 1575 minor,''
759 1527 901 1579 inquit,
933 1531 961 1550 ‘4
977 1528 1152 1579 voluptas
1171 1541 1257 1579 per-

133 1582 274 1634 cipitur
292 1595 340 1620 ex
359 1580 551 1620 vilissimis
577 1583 704 1631 rebus,
726 1594 845 1633 quam
861 1595 908 1620 ex
928 1582 1255 1634 pretiosissimis.”

133 1636 224 1675 Hoc
242 1643 298 1675 est
325 1648 404 1675 non
421 1635 537 1674 modo
563 1648 626 1674 cor
644 1648 721 1674 non
749 1636 902 1683 habere,
931 1637 996 1675 sed
1015 1649 1063 1675 ne
1081 1637 1256 1688 palatum

132 1691 302 1744 quidem.
333 1689 417 1739 Qui
448 1690 552 1728 enim
577 1689 816 1742 voluptatem
842 1691 967 1742 ipsam
989 1699 1256 1740 contemnunt,

129 1746 178 1785 iis
195 1746 284 1785 licet
302 1745 440 1790 dicere,
454 1758 492 1783 se
507 1744 763 1796 acipenserem
778 1757 902 1784 menae
912 1758 989 1784 non
1002 1753 1254 1798 anteponere:

131 1800 196 1840 cui
227 1813 316 1839 vero
345 1799 390 1838 in
419 1799 616 1851 voluptate
648 1812 848 1838 summum
880 1802 1027 1839 bonum
1065 1808 1133 1848 est,
1166 1800 1258 1839 huic

131 1854 264 1894 omnia
291 1867 421 1902 sensu,
454 1866 533 1892 non
560 1853 720 1903 ratione,
755 1861 844 1893 sunt
868 1855 1105 1904 judicanda:
1137 1867 1258 1907 eaque

130 1909 292 1948 dicenda
308 1909 469 1961 optima,
490 1922 577 1960 quae
595 1916 686 1947 sunt
703 1909 939 1948 suavissima.

186 1963 338 2003 Verum
371 1970 477 2002 esto:
520 1971 773 2015 consequatur
820 1977 991 2002 summas
1027 1963 1257 2015 voluptates,

133 2030 213 2057 non
240 2017 357 2056 modo
380 2030 513 2070 parvo,
545 2018 610 2056 sed
630 2031 699 2070 per
723 2031 787 2056 me
808 2018 945 2068 nihilo,
973 2017 1005 2056 si
1028 2025 1177 2071 potest:
1209 2018 1260 2055 sit

133 2073 311 2124 voluptas
329 2084 407 2110 non
424 2072 552 2110 minor
576 2072 618 2110 in
636 2072 824 2111 nasturtio
841 2073 923 2120 illo,
951 2086 1029 2124 quo
1047 2072 1146 2112 vesci
1165 2072 1261 2111 Per-

131 2140 193 2166 sas
212 2139 291 2165 esse
321 2127 450 2165 solitos
475 2126 606 2165 scribit
624 2127 858 2178 Xenophon,
879 2140 998 2179 quam
1024 2127 1066 2165 in
1096 2128 1261 2179 Syracu-

134 2181 236 2220 sanis
254 2181 411 2231 mensis,
431 2194 520 2233 quae
548 2194 572 2219 a
590 2181 754 2220 Platone
772 2181 939 2233 graviter
962 2181 1230 2235 vituperantur
1245 2195 1257 2219 z

134 2235 197 2285 sit,
232 2236 410 2288 inquam,
439 2242 521 2275 tam
554 2235 676 2275 facilis
730 2249 850 2288 quam
887 2236 1020 2287 vultis,
1053 2235 1261 2289 voluptatis

865 2293 890 2328 2
914 2302 944 2330 N
965 2291 990 2329 3
