1456 2396
220 87 303 127 368
406 85 485 127 DE
514 86 767 137 FINIBUS,
797 86 898 126 1118.
920 87 955 127 1.
985 86 1093 128 CAP.
1113 89 1176 129 16.

215 204 320 246 sunt,
349 197 390 236 in
410 196 546 237 eadem
572 197 687 238 causa
709 205 814 248 sunt,
843 198 924 250 qu‘fa
941 205 1152 251 antequam
1176 197 1282 238 nati:
1313 206 1353 238 et

216 252 267 291 ad
296 252 444 291 dolores
473 253 528 291 ita
552 260 708 305 paratus
733 260 803 301 est,
827 260 873 291 ut
897 253 1131 302 meminerit,
1157 253 1353 293 maximos

216 314 341 346 morte
359 306 476 355 finiri,
492 321 628 359 parvos
646 307 773 346 multa
784 307 926 346 habere
939 307 1142 346 intervalla
1154 308 1351 360 requietis,

215 361 469 401 mediocrium
488 375 557 401 nos
577 375 655 402 esse
673 362 875 408 dominos,
864 376 874 386 ·
896 369 955 410 ut,
975 361 1007 400 si
1025 362 1241 402 tolerabiles
1258 363 1351 410 sint,

216 415 412 462 feramus3
435 416 492 455 sin
507 417 652 467 minus,
672 430 784 470 aequo
798 417 929 456 animo
948 429 969 455 e
987 416 1082 465 vita,
1098 429 1189 455 cum
1208 430 1254 456 ea
1271 429 1351 456 non

215 471 378 522 placeat,
394 479 596 524 tamquam
617 485 637 510 e
651 471 813 519 theatro,
835 484 1031 510 exeamus.
1061 471 1219 520 Quibus
1237 473 1353 512 rebus

214 525 458 577 intelligitur,
479 539 549 565 nec
567 526 843 565 timiditatem
832 526 1107 578 ignaviamque
1125 526 1350 579 vituperari,

215 592 285 618 nec
298 579 564 619 fortitudinem
579 580 883 634 patientiamque
896 579 1060 628 laudari,
1081 593 1151 620 suo
1164 581 1349 628 nomine3

215 634 282 673 sed
314 635 400 674 illas
432 636 551 686 rejici,
581 636 673 689 quia
704 635 875 674 dolorem
904 635 1081 687 pariant-
1072 663 1082 682 ,
1112 635 1183 675 has
1209 636 1350 689 optari,

214 689 308 741 quia
327 690 578 742 voluptatem.

268 743 391 783 XVI.
420 745 582 784 Justitia
606 753 736 793 roetat,
766 752 811 784 ut
835 745 883 784 de
909 745 1017 784 omni
1036 745 1178 784 virtute
1195 745 1245 785 sit
1262 745 1351 786 >dic-

213 805 300 836 tum
315 813 324 836 :
357 799 423 838 ned
441 799 583 838 similia
601 800 678 840 fere
696 800 771 839 dici
791 808 963 852 possunt.
999 800 1057 839 Ut
1075 800 1180 839 enim
1198 801 1351 853 sapien-

211 853 322 902 tiam,
343 855 653 906 temperantiam,
674 854 955 903 fortitudinem,
975 855 1173 907 copulatas
1187 868 1267 894 esee
1279 855 1350 895 do-

211 908 384 947 cuicum
405 909 615 961 voluptate,
637 917 681 948 ut
700 911 749 948 ab
775 909 820 948 ea
845 910 954 948 nullo
978 909 1096 948 modo
1123 921 1193 949 nec
1215 909 1351 949 divelli

212 974 282 1001 nec
301 963 461 1002 distrahi
480 964 652 1016 possint,
641 978 651 988 ·
683 964 735 1003 sic
757 964 806 1003 de
821 964 973 1026 justitia
987 963 1244 1014 judicandum
1264 972 1347 1011 est,
1334 979 1346 990 ·

211 1030 301 1069 quae
326 1030 403 1057 non
424 1018 541 1056 modo
559 1031 763 1071 nunquam
782 1027 893 1058 nocet
911 1018 1109 1071 cuiquam,
1130 1019 1196 1058 sed
1215 1027 1350 1059 eontra

211 1084 362 1124 semper
387 1073 456 1111 alit
481 1072 644 1125 aliquid,
671 1081 758 1111 tum
786 1073 825 1112 vi
843 1087 914 1112 sua
932 1081 1049 1125 atque
1067 1074 1221 1122 natura,
1242 1074 1348 1126 quod

210 1127 435 1179 tranquillet
455 1128 629 1173 animos;
661 1135 746 1166 tum
766 1141 893 1180 spe,n
867 1127 966 1166 nihil
985 1140 1118 1166 earum
1138 1141 1266 1167 rerum
1281 1128 1349 1167 de-

209 1180 403 1229 futurum,
417 1195 513 1234 quas
526 1190 664 1220 natura
675 1195 752 1221 non
764 1182 972 1235 depravata
982 1182 1181 1222 desideret.
1194 1182 1348 1231 Quem-

209 1235 423 1274 admodum
461 1238 669 1285 temeritas,
703 1245 740 1276 et
772 1237 907 1285 libido,
935 1245 973 1276 et
998 1236 1167 1288 ignavia,
1193 1249 1346 1290 semper

209 1291 386 1329 animum
407 1292 641 1339 excruciant,
669 1300 707 1330 et
734 1305 884 1344 semper
902 1291 1122 1339 sollicitant,
1144 1293 1347 1332 turbulen-

207 1353 336 1397 taeque
358 1354 474 1392 sunt;
506 1347 558 1385 sic
580 1347 601 1368 ²
625 1347 647 1367 ⁴¹
670 1346 692 1367 ⁶
713 1348 824 1397 cujus
843 1347 883 1385 in
909 1354 1040 1385 mente
1058 1346 1242 1395 consedit,
1272 1347 1348 1387 hoc

209 1400 306 1452 ipso,
337 1401 442 1453 quod
461 1401 582 1449 adest,
613 1402 838 1440 turbulenta
861 1414 938 1440 non
965 1409 1093 1453 potest
1118 1400 1226 1447 fieriz
1257 1410 1295 1441 et
1314 1402 1347 1441 si

208 1468 297 1494 vero
323 1456 460 1494 molita
489 1456 690 1508 quidpiam
718 1464 787 1502 est,
819 1456 998 1509 quamvis
1027 1456 1175 1495 occulte
1199 1456 1345 1505 feeerit,

207 1522 410 1562 nunquam
436 1519 566 1549 tamen
594 1510 759 1550 eonfidet
783 1511 823 1550 id
854 1511 935 1550 fore
959 1523 1111 1563 semper
1134 1511 1344 1550 oecultum.

209 1564 448 1618 Plerumque
478 1566 744 1618 improborum
771 1566 873 1605 facta
901 1565 1028 1618 primo
1054 1565 1220 1617 suspicio
1243 1566 1346 1605 inse-

207 1620 365 1671 quitur;
396 1620 534 1659 deinde
561 1634 686 1659 semio
709 1632 826 1673 atque
844 1620 975 1666 fama3
1007 1627 1091 1658 tum
1118 1628 1342 1667 aecusatorg

206 1681 289 1712 tum
308 1675 455 1724 judex:
486 1675 601 1715 multi
621 1676 753 1725 etiam,
783 1684 827 1714 ut
847 1683 885 1714 te
903 1675 1072 1724 consule,
1092 1674 1166 1727 ipsi
1185 1688 1225 1714 se
1243 1675 1346 1715 indi-

204 1738 399 1768 caverunt.

260 1783 380 1832 Quod
401 1785 433 1823 si
457 1785 525 1838 qui
552 1786 641 1825 satis
667 1786 740 1825 ffl'bi
764 1793 897 1825 contra
917 1784 1123 1824 hominum
1149 1785 1344 1824 eonscien-

205 1838 301 1877 tiam
327 1840 425 1892 septi
451 1853 530 1879 esse
557 1849 594 1880 et
619 1842 761 1880 muniti
789 1841 981 1889 videntur,
1010 1839 1186 1879 Deorum
1211 1847 1343 1879 tamen

204 1892 387 1940 horrent·
418 1907 558 1948 easque
584 1895 686 1948 ipsas
716 1895 1004 1942 sollicitudines,
1034 1894 1178 1957 quibus
1207 1907 1343 1934 eorum

204 1947 326 1987 animi
344 1957 473 1988 noctes
492 1958 608 2002 atque
627 1951 708 1989 dies
727 1950 960 1997 exeduntur,
986 1963 1010 1987 a
1034 1949 1122 1988 Diis
1140 1949 1344 1989 immorta-

204 2001 322 2051 libus,
342 2004 521 2056 supplicii
536 2018 664 2053 causa,
685 2005 886 2057 importari
905 2012 1056 2057 putant.
1087 2003 1190 2052 Quae
1208 2011 1340 2043 autem

202 2064 312 2096 tanta
330 2071 378 2097 ex
397 2059 572 2111 improbe
591 2059 699 2098 factis
721 2060 771 2098 ad
789 2059 1020 2098 minuendas
1040 2058 1128 2097 vitae
1146 2058 1342 2098 molestias

204 2112 366 2152 accoesio
391 2113 473 2152 fieri
491 2122 629 2166 potest,
660 2124 806 2166 quanta
824 2114 874 2153 ad
893 2112 1102 2165 augendas,
1132 2125 1223 2151 cum
1249 2125 1342 2152 eon-

202 2166 361 2206 scientia
392 2167 598 2218 factorum,
634 2177 718 2208 tum
752 2182 866 2221 poena
899 2169 1048 2220 legum,
1087 2167 1254 2229 odioque
1287 2168 1342 2206 ci-

201 2220 343 2261 vium?
372 2222 426 2262 Et
446 2232 575 2264 tamen
598 2224 638 2263 in
665 2224 901 2277 quibusdam
920 2235 1046 2276 neque
1063 2222 1238 2275 pecuniae
1255 2234 1342 2263 mo·
