1456 2396
132 113 211 153 208
239 111 323 153 AD
343 110 724 164 HERENNIUM,
739 114 839 154 Iam.
854 113 937 154 111.
954 113 1059 154 CAP.
1073 113 1139 153 24.

131 228 200 260 aut
224 222 375 261 rubrica
398 222 625 271 delibutam,
637 223 890 285 inducemus,
924 236 1004 275 quo
1040 223 1164 274 magis
1189 222 1246 260 in-

131 276 271 326 signita
286 277 336 314 sit
354 277 502 323 fom1a3
532 286 601 316 aut
618 278 649 316 si
668 278 846 317 ridiculas
864 291 922 317 roe
943 278 1121 329 aliquas
1110 277 1247 328 1111331-

130 330 246 367 nibus
273 331 398 369 attrib
393 344 552 370 lemus:
582 344 674 370 nam
702 346 747 371 ea
777 345 835 370 res
863 344 1018 384 quoque
1046 331 1172 379 faciet,
1203 338 1247 368 ut

131 383 280 422 facilius
308 385 528 424 meminisse
555 386 755 437 possimus.
793 403 809 424 1
820 387 899 424 3111
929 398 1026 437 quas
1055 398 1114 424 res
1143 397 1250 423 veras

132 437 242 476 facile
260 439 522 499 meminimus,
539 440 689 478 easdem
709 441 814 479 fictas
833 447 870 478 et
881 439 1083 490 diligenter
1100 446 1249 477 notatas

131 492 349 530 meminisse
360 506 437 531 non
452 502 508 532 est
518 494 681 533 difficile.
711 494 787 533 Sed
799 494 898 532 illud
911 493 1033 531 facere
1045 492 1248 544 oportebit,

131 552 175 582 ut
191 546 402 585 identidem
420 548 564 599 primos
582 561 753 600 quosque
770 547 916 597 locos,‘
905 547 1121 598 11113311111111
1139 559 1249 585 reno-

131 601 344 638 vandamm
363 614 491 651 631153,
511 603 679 641 celeriter
697 602 826 641 animo
844 613 1122 653 percurramus

185 654 355 693 XXIII.
385 655 486 705 Scio,
505 657 706 708 plerosque
726 657 892 702 Graecos,
912 655 980 707 qui
998 654 1046 693 de
1063 652 1251 693 memoria

131 707 375 759 seripserunt,
390 710 534 759 fecisse,
549 717 594 748 ut
611 711 824 749 multorum
842 711 1046 748 verborum
1063 708 1251 759 imagines

130 763 422 813 conscriberent,
448 764 521 811 uti,
549 764 617 816 qui
643 778 704 803 eas
729 764 890 803 ediscere
916 764 1071 811 vellent,
1099 769 1251 814 paratas

132 817 328 866 haberent,
349 830 398 856 ne
416 818 539 870 quid
528 831 569 856 m
591 819 797 869 quaerendo
821 831 946 869 operae
970 822 1249 855 consumerent.

132 869 314 918 Quorum
341 873 526 910 rationem
557 873 704 923 aliquot
733 872 781 911 de
807 871 930 910 causis
957 871 1248 922 improbamus.

132 925 317 975 primum,
338 926 471 977 quod
461 939 501 963 in
526 928 729 964 verborum
754 925 1095 963 innumerabilium
1117 923 1251 962 multi-

133 978 267 1017 tudine
285 979 489 1017 ridiculum
510 979 571 1027 sit,
592 980 700 1018 mille
717 981 921 1018 verborum
941 979 1129 1029 imagines
1147 990 1251 1016 eom-

132 1045 276 1083 parare.
307 1033 553 1080 Quantulum
573 1034 675 1071 enim
695 1040 874 1085 poterunt
885 1033 968 1071 haec
986 1033 1124 1079 valere,
1144 1044 1249 1079 cum,

132 1099 182 1124 ex
199 1087 351 1125 infinita
369 1089 573 1126 verborum
592 1087 716 1139 eopia,
735 1087 853 1125 modo
871 1086 992 1134 aliud,
1011 1086 1128 1124 modo
1145 1085 1252 1124 aliud

134 1152 202 1178 nos
221 1143 381 1179 verbum
400 1141 620 1180 meminisse
637 1142 858 1193 oportebit?
887 1140 1040 1179 Deinde
1057 1153 1125 1179 cur
1142 1139 1251 1178 volu-

133 1207 221 1232 mus
240 1197 289 1233 ab
315 1195 503 1233 industria
525 1208 762 1247 quemquam
786 1207 993 1241 removere,
1013 1201 1058 1232 ut
1081 1206 1133 1231 ne
1157 1193 1252 1244 quid

133 1248 215 1299 ipse
233 1257 393 1300 quaerat,
414 1262 504 1288 cum
530 1262 600 1288 nos
624 1250 681 1287 illi
706 1249 838 1288 omnia
860 1256 994 1300 parata
1017 1247 1252 1308 quaesitaque

133 1301 362 1342 tradamus?
399 1303 588 1342 Praeterea
616 1303 866 1342 similitudine
897 1303 974 1341 alia
1000 1302 1099 1341 alius
1129 1301 1255 1353 1113315

133 1364 406 1395 commovetur.
447 1358 554 1396 Nam
573 1365 618 1396 ut
636 1371 749 1409 saepe,
769 1357 934 1395 formam
954 1356 986 1395 si
1004 1369 1123 1408 quam
1148 1355 1254 1394 simi-

134 1410 211 1448 lem
240 1411 408 1462 cuipiam
437 1411 647 1450 dixerimus
677 1425 769 1460 esse,
801 1423 878 1449 non
908 1423 1041 1449 omnes
1065 1410 1253 1449 habemus

133 1477 357 1514 assensores,
377 1465 481 1517 quod
500 1466 567 1504 alii
585 1465 734 1504 videtur
758 1465 893 1510 aliud,
882 1478 893 1487 ·
922 1465 977 1503 ita
994 1464 1038 1503 fit
1055 1464 1096 1502 in
1115 1464 1253 1515 imagi-

134 1518 262 1567 nibus,
277 1526 335 1568 ut,
352 1533 439 1571 quae
452 1520 562 1558 nobis
573 1520 775 1571 diligenter
788 1526 928 1558 notatae
942 1519 1031 1565 sint,
1045 1531 1099 1557 eae
1112 1531 1250 1569 parum

133 1572 333 1610 rideantur
363 1574 529 1635 insignes
558 1574 653 1613 aliis.
696 1575 828 1621 Quare
857 1572 930 1611 sibi
960 1585 1154 1624 quemque
1182 1584 1253 1610 suo

133 1627 334 1665 commodo
362 1629 538 1666 convenit
567 1628 752 1679 imagines
780 1639 1012 1678 comparare.
1053 1626 1253 1665 Postremo

134 1681 373 1732 praeceptoris
400 1688 456 1720 est
481 1682 627 1730 docere,
647 1681 975 1734 quemadmodum
993 1680 1114 1732 quaeri
1139 1679 1252 1732 quid-

133 1747 209 1784 que
228 1736 448 1797 conveniat,
476 1744 513 1774 et
540 1749 664 1774 unum
690 1735 847 1786 aliquod
874 1742 942 1773 aut
967 1736 1147 1782 alterum,
1174 1746 1250 1771 non

132 1788 264 1826 omnia
281 1802 369 1840 quae
387 1791 468 1839 ejus
486 1790 634 1841 generis
656 1797 782 1838 erunt,
798 1788 966 1840 exempli
985 1801 1113 1835 631153,
1133 1787 1253 1837 subji-

135 1854 231 1890 cere,
264 1856 342 1903 quo
373 1857 432 1882 res
461 1844 579 1895 possit
612 1857 690 1882 esse
719 1842 932 1882 dilucidior.
976 1843 1046 1890 Ut,
1081 1854 1171 1880 cum
1203 1841 1252 1880 de

133 1897 325 1947 prooemiis
357 1898 571 1948 quaerendis
603 1898 859 1959 disputamus,
892 1896 1078 1935 rationem
1114 1895 1254 1934 damus

133 1950 344 2000 quaerendi,
372 1963 449 1989 non
468 1952 573 1990 mille
598 1952 869 2003 prooemiorum
894 1963 1033 2002 genera
1051 1949 1253 1989 conscribi-

134 2016 247 2049 mus;
276 2004 331 2042 ita
348 2005 579 2043 arbitramur
597 2006 644 2043 de
662 2005 895 2056 imaginibus
912 2004 995 2043 fieri
1013 2003 1224 2042 convenire.

188 2057 350 2097 XXIV.
381 2059 513 2108 Nunc,
534 2071 583 2098 ne
601 2059 698 2098 forte
717 2061 920 2098 verborum
938 2057 1166 2096 memoriam
1184 2063 1252 2095 aut

134 2111 249 2150 nimis
266 2112 460 2151 difficilem
479 2120 545 2151 aut
563 2126 701 2164 parum
719 2113 855 2151 utilem
879 2112 1075 2161 arbitrere,
1095 2118 1133 2149 et
1151 2111 1252 2162 ipsa-

134 2177 222 2203 rum
241 2167 426 2205 memoria
445 2179 573 2205 rerum
592 2174 792 2205 contentus
809 2167 874 2214 sis,
893 2166 999 2218 quod
1021 2173 1059 2204 et
1083 2164 1252 2203 utiliores

136 2219 225 2270 sint,
259 2227 298 2259 et
328 2221 416 2273 plus
448 2220 616 2260 habeant
645 2220 867 2268 facilitatis3
903 2218 1166 2260 admonendus
1198 2231 1251 2267 65,
