1456 2396
515 383 579 422 ΙΝ
582 381 757 423 CERTI
785 379 1093 429 AUCTORIS,

761 516 847 545 SEU

335 630 423 689 (υτ
460 641 642 673 nocrxs
682 639 985 676 QUIBUSDAM
1021 625 1273 686 vmss'run)

415 759 467 821 C
499 757 559 821 O
593 759 652 820 R
683 759 743 820 N
778 759 809 819 Ι
841 758 893 819 F
922 757 955 818 I
986 757 1039 819 C
1072 757 1106 819 I
1137 758 1195 833 Ι,

523 909 1087 967 RHETORICORUM‚

770 1053 832 1082 AD

460 1165 525 1219 C.
565 1162 1042 1217 HERENNIU
1061 1161 1148 1230 M,

580 1301 760 1341 LIBER
788 1300 1023 1341 PRIMUS.

727 1449 879 1484 -Φ-·

295 1582 328 1621 Ι.
359 1582 490 1631 ETs1,
509 1582 669 1634 negotiis
694 1581 947 1622 familiaribus
970 1581 1161 1635 impediti,
1187 1580 1253 1621 vix
1271 1581 1363 1621 satis

242 1637 365 1676 otium
400 1638 525 1675 studio
557 1638 799 1689 suppeditare
829 1649 1046 1689 possumus,
1080 1644 1118 1675 et
1148 1636 1189 1674 id
1216 1636 1361 1687 ipsum,

242 1690 347 1743 quod
372 1690 484 1729 datur
509 1691 590 1738 otii,
617 1691 798 1730 libentius
822 1691 863 1729 in
881 1690 1124 1742 philosophia
1141 1703 1363 1729 consumere

241 1745 534 1790 consuevimus3
564 1752 693 1784 tamen
719 1753 786 1783 tua
810 1757 893 1792 nos,
914 1744 960 1783 C.
978 1744 1166 1792 Herenni,
1186 1745 1362 1783 voluntas

240 1799 462 1846 commovit,
483 1806 528 1836 ut
546 1799 593 1837 de
611 1801 755 1838 ratione
773 1799 922 1837 dicendi
936 1799 1282 1844 conscriberemus3
1311 1810 1362 1837 ne

240 1862 311 1892 aut
335 1852 403 1891 tua
421 1853 535 1891 causa
553 1854 718 1892 noluisse
735 1866 819 1899 nos,
839 1860 906 1891 aut
924 1852 1067 1904 fugisse
1083 1853 1269 1900 laborem,
1287 1865 1363 1903 pu-

240 1916 349 1947 tares.
396 1907 451 1945 Et
478 1921 522 1946 eo
551 1908 754 1946 studiosius
780 1908 852 1945 hoc
883 1907 1080 1958 negotium
1112 1907 1361 1958 suscepimus,

241 1961 346 2014 quod
372 1968 410 1999 te
435 1973 513 1999 non
539 1961 619 1999 sine
646 1962 758 1999 causa
777 1961 874 1999 velle
898 1973 1119 2022 eognoscere
1136 1960 1362 2000 rhetoricam

235 2015 557 2067 intelligebamus.
601 2016 693 2054 Non
713 2016 816 2054 enim
834 2027 973 2066 parum
998 2015 1039 2052 in
1066 2028 1105 2053 se
1126 2015 1272 2054 fructus
1289 2015 1359 2052 ha-

238 2073 303 2110 bet
330 2070 438 2121 copia
462 2068 625 2115 dicendi,
653 2077 690 2107 et
715 2069 964 2108 commoditas
988 2069 1181 2117 orationis,
1208 2069 1241 2108 si
1257 2068 1361 2107 recta

235 2123 489 2174 intelligentia
513 2130 551 2161 et
575 2122 733 2161 definita
757 2123 877 2161 animi
895 2122 1154 2161 moderatione
1171 2124 1360 2186 guberne-

236 2188 312 2219 tur.
353 2178 463 2227 Quas
487 2179 536 2216 ob
562 2189 620 2215 res
638 2177 719 2224 illa,
746 2190 834 2229 quae
853 2176 978 2215 Graeci
1003 2177 1214 2228 scriptores,
1233 2177 1359 2216 inanis

235 2231 459 2285 arrogantiae
473 2244 600 2278 causa,
617 2231 689 2270 sibi
703 2238 976 2278 assumserunt,
991 2231 1241 2284 reliquimus.
1261 2243 1354 2270 nam

1438 297 1446 330 3

1436 338 1445 395 ὲ

1428 422 1446 777 ,ἱ
