1456 2396
179 109 255 149 138
337 104 416 145 DE
447 101 576 142 OPT.
608 101 741 146 GEN.
773 107 948 149 ORAT.
979 108 1084 149 clm
1106 99 1143 149 53

174 225 242 256 aut
260 215 420 255 adhibiti
434 214 699 255 derideantur:
728 230 834 266 nam,
861 220 892 258 si
914 218 1181 265 arriderentur,
1205 221 1299 258 esset

176 271 217 309 id
241 272 370 323 ipsum
397 270 630 308 Atticorum.
677 272 754 311 Sed
781 273 849 325 qui
877 273 951 312 dici
980 286 1004 311 a
1030 273 1140 311 nobis
1163 272 1300 312 Attico

174 339 280 364 more
298 325 449 371 nolunt,
468 324 541 375 ipsi
559 332 702 374 autem,
727 340 766 365 se
787 340 864 366 non
887 334 1051 366 oratores
1073 340 1165 375 esse,
1184 327 1299 378 profi-

175 387 329 427 tentu13
360 379 392 417 si
409 385 542 417 teretes
567 391 675 418 aures
700 381 856 430 habent,
882 382 1175 433 intelligensque
1195 381 1299 430 judi-

175 435 294 482 cium,
312 442 515 495 tamquam
534 432 583 470 ad
600 434 789 485 picturam
802 436 1054 487 probandam,
1070 435 1300 474 adhibentur

175 489 292 527 etiam
310 488 419 526 inscii
435 487 613 535 faciendi,
637 502 726 527 cum
745 491 876 542 aliqua
887 490 1054 529 sollertia
1074 488 1296 540 judicandi.

174 543 234 581 sin
253 550 382 581 autem
399 541 691 592 intelligentiam
709 553 859 595 ponunt
876 545 917 583 in
936 543 1116 582 audiendi
1133 541 1299 591 fastidio,

175 610 301 649 neque
329 610 392 635 eos
421 596 634 648 quidquam
663 599 855 637 excelsum
884 598 1212 650 magnificumque
1235 596 1301 635 de-

174 652 315 698 lectat3
344 651 485 698 dicant,
512 663 551 688 se
575 652 713 690 subtile
738 653 921 704 quiddam
945 660 982 691 et
1003 652 1169 704 politum
1188 652 1299 700 velle,

174 719 290 757 grave
308 714 562 756 ornatumque
580 714 842 746 contemnere:
873 707 913 745 id
938 719 1026 745 vero
1048 706 1222 745 desinant
1243 705 1301 743 di-

175 774 270 809 cere,
293 760 360 812 qui
385 760 572 799 subtiliter
597 760 737 809 dicant,
762 775 824 800 eos
843 762 941 800 solos
959 761 1090 799 Attice
1107 760 1273 808 dicere,
1262 759 1303 798 ιᾶ

174 822 243 862 est,
265 815 373 866 quasi
392 815 485 853 sicce
504 822 541 853 et
558 815 714 876 integre.
748 816 808 854 At
830 817 861 854 si
883 816 1024 867 ample,
1045 822 1083 853 et
1101 818 1245 861 ornate,
1266 821 1305 852 et

171 869 336 920 copiose,
350 882 439 907 cum
452 882 484 907 e
475 868 610 907 [dem
599 870 827 932 mtegritate,
843 870 1065 908 Atticorum
1079 877 1156 907 aet·
1144 897 1157 916 ‚
1178 868 1302 920 quid?

175 924 339 963 dubium
369 931 438 971 est,
469 931 601 961 utrum
634 925 843 963 orationem
869 931 1039 962 nostram
1065 923 1304 962 tolerabilem

175 986 342 1042 tantum,
362 991 412 1016 an
432 978 546 1016 etiam
565 977 843 1026 admirabilem,
868 992 947 1017 esse
965 977 1197 1030 cupiamus?
1225 989 1304 1016 non

173 1035 279 1073 enim
305 1035 388 1083 jam
418 1033 639 1084 quaerimus,
670 1033 765 1084 quid
790 1033 838 1071 sit
866 1033 1011 1080 Attice,
1041 1032 1107 1071 sed
1130 1031 1226 1084 quid
1250 1032 1299 1070 sit

173 1089 319 1140 optime
337 1088 469 1125 dicere.
504 1087 569 1125 Ex
588 1100 665 1138 quo
682 1087 921 1139 intelligitur,
941 1087 1125 1149 quoniam
1144 1086 1298 1125 Graeeo

172 1157 263 1181 rum
293 1150 486 1180 oratorum
516 1141 816 1193 praestantissimi
847 1149 937 1180 sunt
967 1141 1009 1189 ii,
1043 1141 1111 1193 qui
1141 1140 1299 1179 fuerunt

174 1197 364 1243 Athenis,
390 1209 523 1234 eorum
542 1203 671 1234 autem
685 1196 858 1247 princeps
871 1195 982 1234 facile
995 1195 1297 1234 Demosthenes·
1283 1223 1296 1241 ,

175 1253 279 1290 hunc
302 1252 333 1290 si
361 1250 446 1303 quis
472 1250 658 1297 imitetur,
687 1263 776 1289 eum
803 1258 840 1288 et
867 1250 999 1288 Attice
1024 1249 1232 1312 dicturum,
1261 1256 1300 1288 et

174 1307 342 1357 optime:
372 1313 430 1352 ut,
451 1305 668 1356 quoniam
653 1304 776 1343 Attici
794 1304 904 1343 nobis
927 1303 1110 1356 propositi
1136 1309 1226 1343 sunt
1249 1303 1299 1342 ad

174 1360 420 1406 imitandum,
440 1360 538 1397 bene
555 1359 690 1406 dicere,
710 1359 751 1397 id
769 1359 817 1397 sit
834 1359 966 1397 Attice
983 1358 1117 1397 dicere.

231 1415 284 1453 V.
314 1414 390 1453 Sed
409 1426 498 1452 cum
517 1413 558 1451 in
577 1426 621 1452 eo
639 1425 805 1464 magnus
824 1426 926 1451 error
945 1419 1097 1465 esset,q
1097 1412 1185 1451 uale
1203 1419 1299 1451 esset

177 1470 217 1507 id
232 1469 382 1507 dicendi
396 1481 531 1519 genus,
551 1468 686 1519 putavi
699 1467 798 1505 mihi
811 1467 1098 1519 suscipiendum
1109 1467 1297 1516 laborem,

176 1524 313 1562 utilem
332 1522 522 1569 studiosis,
543 1522 640 1560 mihi
666 1522 823 1573 quidem
841 1522 916 1573 ipsi
933 1534 1012 1560 non
1030 1521 1296 1560 necessarium.

175 1578 357 1617 Converti
371 1577 474 1615 enim
494 1589 542 1615 ex
560 1576 702 1615 Atticis
720 1576 886 1614 duorum
901 1575 1299 1627 eloquentissimorum

176 1631 432 1671 nobilissimas
459 1631 646 1669 orationes
670 1630 771 1669 inter
795 1644 835 1668 se
860 1629 1080 1679 contrarias,
1101 1629 1299 1668 AEschinis

177 1685 549 1746 Demosthenisque.
540 1699 550 1708 ·
581 1697 650 1723 nec
676 1684 844 1723 converti
867 1691 912 1722 ut
936 1684 1135 1735 interpres,
1155 1683 1222 1722 sed
1253 1690 1300 1722 ut

175 1750 316 1788 orator,
332 1739 527 1778 sententiis
550 1739 700 1788 iisdem,
722 1747 760 1777 et
777 1751 910 1777 earum
927 1737 1076 1787 formis,
1095 1745 1298 1789 tamquam

176 1795 324 1847 figuris,
354 1794 478 1832 verbis
504 1793 553 1831 ad
575 1801 744 1832 nostram
770 1792 1084 1831 consuetudinem
1102 1791 1228 1844 aptis3
1256 1791 1298 1830 in

176 1850 318 1902 quibus
337 1860 415 1886 non
434 1849 595 1886 verbum
613 1860 682 1899 pro
701 1848 816 1886 verbo
828 1859 978 1885 necesse
991 1846 1111 1884 habui
1124 1845 1297 1908 reddere,

177 1904 244 1943 sed
269 1915 391 1955 genus
415 1901 592 1940 omnium
616 1903 820 1940 verborum
845 1901 1002 1952 vimque
1020 1900 1191 1939 servavi·
1219 1912 1298 1938 non

177 1959 283 1997 enim
302 1970 347 1996 ea
363 1969 427 1994 me
445 1968 697 1994 annumerare
714 1955 845 1994 lectori
862 1954 998 2007 putavi
1015 1960 1201 2008 oportere,
1230 1953 1297 1993 sed

177 2019 380 2064 tamquam
399 2009 624 2061 appendere.
1300 2029 1301 2032 =

233 2067 312 2105 Hic
325 2066 433 2103 labor
451 2077 562 2102 meus
575 2064 647 2102 hoc
665 2070 900 2125 assequetur,
914 2070 959 2101 ut
972 2062 1091 2102 nostri
1103 2061 1294 2110 homines,

178 2121 275 2173 quid
303 2121 352 2158 ab
377 2119 454 2157 11115
479 2118 647 2168 exigant,
674 2118 743 2169 qui
768 2132 808 2157 se
832 2118 984 2156 AttIcos
1008 2117 1158 2161 volunt,
1185 2123 1223 2155 et
1246 2116 1297 2154 ad

177 2188 299 2227 quam
325 2187 387 2213 eos
413 2172 559 2233 quasi
548 2172 755 2210 formulam
774 2172 925 2211 dicendi
941 2178 1130 2220 revocent,
1155 2170 1301 2209 intelli..

179 2236 285 2280 gant.
316 2228 391 2269 Sed
410 2227 599 2268 exorietur
613 2226 884 2277 Thucydides:
916 2227 997 2276 ejus
1017 2226 1120 2267 enim
1139 2224 1298 2278 quidam
