1456 2396
226 120 302 159 186
337 119 420 159 AD
449 115 829 167 HERENNIUM,
846 117 945 156 Lm.
964 118 1022 158 II.
1039 116 1144 158 CA'P.
1159 119 1226 159 81.

223 240 303 279 quo
331 227 581 276 ostendimus,
615 238 692 266 non
721 239 772 265 vu
815 239 892 273 are,
926 226 991 265 sed
1023 226 1228 278 singulare,
1261 239 1340 266 esse

223 281 472 330 maleficium,
504 294 699 333 spurcum,
732 293 780 318 ne
797 280 936 329 arium,
969 280 1222 328 inusitatum3
1262 294 1342 333 quo

224 336 414 374 maturius
432 345 470 374 et
487 336 649 375 atrocius
670 334 941 374 vindicandum
967 335 1026 372 sit.
1073 335 1213 373 Nonus
1235 334 1342 373 locus

224 396 372 428 constat
397 403 445 428 ex
470 396 710 441 peccatorum
734 388 1029 439 comparatione,
1049 389 1158 439 quasi
1176 401 1265 427 cum
1284 388 1342 425 di-

224 454 370 493 cemuS,
399 445 526 494 majus
551 456 630 482 esse
654 442 902 489 maleficium,
923 449 1093 493 stuprare
1117 443 1341 494 ingenuam,

225 509 346 548 quam
375 511 525 536 sacrum
550 498 701 548 legere;
732 496 836 548 quod
854 504 1009 547 propter
1027 504 1231 547 egestatem
1250 497 1344 534 alte-

225 564 330 598 rum,
350 553 514 590 alterum
532 558 684 602 propter
695 552 1013 601 intemperantem
1027 551 1245 601 superbiam
1263 549 1342 587 fiat.

226 605 414 644 Decimus
431 607 536 644 locus
555 613 624 654 est,
644 618 711 656 per
729 617 846 656 quem
864 603 1008 651 omnia,
1029 617 1116 655 quae
1133 604 1174 642 in
1194 604 1345 655 negotio

227 659 395 710 gerendo
413 667 497 698 acta
515 666 618 707 sunt,
640 672 803 720 quaeque
822 671 903 696 rem
923 658 1103 709 consequi
1123 658 1259 706 solent,
1279 670 1345 695 ex-

228 724 416 767 ponemus
444 713 592 760 acriter,
613 721 651 751 et
673 712 886 760 criminose,
913 719 950 750 et
973 711 1188 762 diligenter,
1208 719 1252 749 ut
1283 711 1346 762 agi

229 779 304 814 lec,
323 774 363 805 et
379 767 459 818 geri
477 767 674 818 negotium
687 766 873 814 videatur,
887 778 1014 804 rerum
1033 765 1346 817 consequentium

231 821 527 860 enumeratione.

284 874 448 913 XXXI.
478 873 743 913 Misericordia
757 873 1057 912 commovebitur
1075 872 1257 912 auditoris
1268 873 1349 911 ani-

231 941 333 977 muS,
347 928 378 966 si
393 928 536 967 variam
548 928 788 966 fortunarum
805 927 1142 966 commutationem
1154 927 1323 966 dicemus
1337 941 1350 971 ς

231 982 266 1022 si
293 982 549 1031 ostendemus,
576 982 615 1019 in
644 981 784 1032 quibus
811 981 1020 1019 commodis
1044 981 1244 1027 fuerimus,
1265 981 1351 1032 qui-

231 1038 381 1088 busque
409 1035 660 1074 incommodis
692 1035 825 1083 simus,
859 1035 1165 1086 comparatione3
1195 1035 1240 1084 si,
1265 1048 1353 1086 quae

232 1090 343 1129 nobis
361 1090 493 1128 futura
510 1089 599 1137 sint,
619 1088 691 1127 nisi
710 1101 864 1127 causam
883 1089 1174 1138 obtinuerimus,
1194 1101 1351 1127 enume-

234 1144 421 1192 rabimus,
452 1152 490 1182 et
518 1143 785 1189 ostendemus3
816 1143 847 1180 si
876 1142 1190 1193 supplicabimus,
1220 1150 1258 1181 et
1284 1155 1353 1180 nos

235 1199 308 1236 sub
328 1211 474 1247 eorum,
501 1209 666 1249 quorum
692 1196 988 1234 misericordiam
1011 1197 1264 1247 captabimus,
1283 1209 1352 1247 po-

235 1258 410 1290 testatem
438 1250 707 1300 subjiciemus3
749 1250 794 1299 si,
826 1249 920 1301 quid
952 1250 1088 1288 nostris
1116 1251 1352 1301 parentibus,

237 1305 381 1353 liberis,
402 1305 543 1343 caeteris
568 1304 798 1351 necessariis,
826 1316 1004 1342 casurum
1029 1303 1077 1341 sit
1095 1311 1248 1356 propter
1265 1316 1353 1342 nos-

238 1365 316 1398 tras
344 1359 591 1406 calamitates,
621 1359 860 1409 aperiemus;
890 1365 928 1395 et
955 1357 1071 1396 simul
1095 1358 1352 1405 ostendemus,

235 1413 392 1452 illorum
411 1425 479 1451 nos
498 1411 700 1451 solitudine
719 1418 755 1450 et
773 1411 940 1460 miseria,
960 1424 1036 1449 non
1055 1411 1191 1450 nostris
1209 1412 1354 1449 incom-

235 1466 374 1515 modis,
394 1466 546 1513 dolere,
535 1479 545 1491 ·
577 1466 621 1512 si,
641 1466 689 1505 de
707 1465 922 1513 clementia,
942 1465 1194 1513 humanitate,
1208 1465 1356 1503 miseri-

236 1520 366 1559 cordia
393 1519 538 1569 nostra,
557 1533 635 1571 qua
659 1520 700 1557 in
729 1520 823 1558 alios
849 1519 909 1557 usi
936 1531 1083 1568 sumus,
1114 1519 1352 1570 aperiemus·
1339 1548 1354 1565 ‚

237 1574 272 1613 si
289 1586 358 1612 nos
377 1587 525 1625 semper
549 1581 617 1615 aut
640 1573 708 1612 diu
734 1573 775 1611 in
799 1573 911 1611 malis
938 1572 1055 1611 fuisse
1082 1573 1352 1611 ostendemus·
1339 1601 1353 1634 '.

238 1627 272 1666 si
301 1635 473 1667 nostrum
505 1627 630 1666 fatum
662 1635 729 1665 aut
757 1626 951 1666 fortunam
981 1639 1282 1678 conqueremur·
1270 1656 1283 1673 ,
1324 1626 1355 1664 si

237 1681 413 1721 animum
432 1688 605 1721 nostrum
623 1680 774 1730 fortem,
790 1681 997 1733 patientem
1011 1680 1355 1728 incommodorum,

238 1734 482 1774 ostendemus
500 1735 689 1773 futurum.
719 1734 1098 1774 Commiserationem
1113 1735 1266 1773 brevem
1278 1747 1357 1773 esse

238 1796 399 1841 oportet.
428 1789 542 1828 Nihil
560 1788 663 1828 enim
680 1789 851 1841 lacryma
869 1788 980 1828 citius
997 1788 1141 1826 arescit.

295 1843 393 1881 Fere
423 1843 524 1882 locos
551 1842 835 1882 obscurissimos
862 1842 977 1881 totius
1006 1841 1154 1880 artificii
1181 1841 1357 1880 tractavi-

240 1908 330 1935 mus
347 1896 389 1934 in
415 1896 488 1934 hoc
505 1896 603 1935 libro
618 1911 627 1935 ε
659 1904 889 1948 quapropter
906 1895 996 1934 huic
1014 1895 1202 1933 volumini
1218 1895 1359 1933 modus

241 1950 307 1988 hic
325 1950 385 1988 sit.
432 1950 617 2001 Reliquas
635 1951 917 2001 praeceptiones,
938 1948 1066 2000 quoad
1090 1949 1294 1996 videbitur,
1314 1949 1356 1986 in

242 2004 398 2044 tertium
425 2003 569 2042 librum
595 2003 875 2042 transferemus.
905 2003 1003 2041 Haec
1021 2003 1066 2050 si,
1086 2011 1130 2041 ut
1147 2002 1358 2054 conquisite

241 2057 547 2109 conscripsimus,
567 2057 621 2095 ita
639 2066 681 2095 tu
700 2057 900 2108 diligenter
913 2056 1029 2094 fueris
1043 2064 1289 2100 consecutu53
1320 2063 1356 2093 ct

244 2123 314 2150 nos
343 2111 538 2150 industriae
566 2109 713 2149 fructus
741 2124 788 2149 ex
817 2111 886 2149 tua
911 2110 1067 2148 scientia
1092 2110 1298 2161 capiemus,
1319 2116 1356 2146 et

242 2171 324 2205 tute
354 2172 524 2206 nostram
551 2164 790 2216 diligentiam
816 2164 1004 2214 laudabis,
1033 2163 1176 2217 tuaque
1203 2176 1356 2216 percep,
