1456 2396
174 99 654 140 ACADEMICORUM
675 99 774 138 Lm.
789 99 846 139 ΙΙ.
867 99 971 139 Cn.
987 101 1050 138 22.
1090 101 1170 138 313

72 206 278 258 sapientem
297 206 392 245 nihil
417 206 586 258 opinari:
617 207 790 245 effectum
809 207 906 245 illud
924 207 1006 253 erit,
1027 206 1174 258 sapien-

72 267 149 298 tem
168 273 337 298 assensus
355 273 484 298 omnes
509 260 786 298 cohibiturum:
817 269 861 298 ut
880 261 948 298 tibi
967 260 1171 298 videndum

71 313 132 359 sit,
152 313 240 351 idne
262 313 386 360 malis,
418 326 466 350 an
492 313 634 364 aliquid
659 314 901 364 opinaturum
925 327 1001 351 esse
1027 314 1173 364 sapien-

70 372 160 403 tem.
201 366 408 412 Neutrum,
438 367 599 417 inquies,
626 367 791 404 illorum.
834 368 1014 404 Nitamur
1042 367 1172 417 igitur,

69 418 166 456 nihil
185 432 290 470 posse
308 420 448 471 percipi
465 434 474 457 ε
505 419 644 458 etenim
671 419 718 458 de
743 432 787 458 eo
813 421 935 458 omnis
954 427 1008 458 est
1027 428 1174 458 contro-

71 484 202 510 versut.

123 525 267 564 XXII.
297 526 371 564 Sed
389 526 493 577 prius
511 539 631 577 pauca
655 539 743 564 cum
768 525 974 573 Antiocho,
1001 526 1068 578 qui
1092 527 1173 565 haec

69 577 165 629 ipsa,
186 592 272 630 quae
290 592 313 616 a
337 592 400 617 me
417 579 682 625 defenduntur,
703 587 739 617 et
761 579 891 618 didicit
918 580 1020 630 apud
1043 580 1174 618 Philo-

69 643 159 670 nem
178 640 256 670 tam
275 632 356 680 diu,
376 640 420 670 ut
438 640 620 671 constaret
632 633 774 671 diutius
785 632 955 671 didicisse
967 633 1172 680 neminem,

71 692 109 723 et
126 686 270 737 scripsit
289 685 335 724 de
352 686 412 724 his
430 687 541 724 rebus
560 686 785 734 acutissime,
806 694 843 724 et
867 686 968 724 idem
993 687 1073 724 haec
1097 699 1173 724 non

71 738 192 777 acrius
209 739 395 777 accusavit
418 739 458 776 in
478 747 677 784 senectute,
699 752 816 790 quam
842 747 951 777 antea
976 739 1175 777 defensita-

71 799 186 830 verat.
226 792 414 840 Quamvis
431 793 547 843 igitur
565 793 679 831 fuerit
697 800 841 839 acutus,
862 801 906 830 ut
929 792 1017 839 fuit,
1047 800 1173 830 tamen

70 844 319 883 inconstantia
336 846 482 884 levatur
499 847 709 884 auctoritas·
739 846 837 893 Quis
854 845 1051 897 [inquam]
1073 846 1175 883 enim

70 897 140 936 iste
165 898 244 936 dies
271 898 452 947 illuxerit,
482 912 623 950 quaero,
653 899 720 950 qui
746 900 803 937 illi
830 899 1044 944 ostenderit,
1074 912 1172 943 eam,

71 963 188 1002 quam
220 953 361 990 multos
393 964 510 990 annos
539 966 616 991 esse
648 953 869 1003 negavisset,
903 953 980 990 veri
1017 960 1053 990 et
1089 952 1175 989 falsi

70 1011 202 1042 notam
219 1007 236 1043 Ρ
277 1005 519 1056 Excogitavit
554 1006 700 1057 aliquid
717 1009 734 1044 Ρ
777 1006 908 1044 eadem
946 1005 1049 1053 dicit,
1089 1019 1176 1056 quae

71 1057 210 1096 Stoici:
254 1059 429 1109 poenituit
464 1072 553 1097 eum
588 1059 656 1097 illa
691 1059 845 1097 sensisse
861 1061 879 1097 ?
921 1071 987 1096 cur
1023 1070 1098 1096 non
1137 1071 1175 1096 se

70 1111 263 1149 transtulit
290 1112 339 1149 ad
369 1112 475 1159 alios,
507 1120 544 1150 et
566 1113 735 1150 maxime
764 1113 813 1150 ad
841 1113 1015 1150 Stoicos?
1045 1125 1176 1150 eorum

71 1164 174 1202 enim
192 1172 270 1203 erat
286 1166 439 1216 propria
456 1165 527 1203 ista
546 1166 735 1204 dissensio.
777 1165 915 1213 Quid?
945 1178 1034 1203 eum
1059 1165 1176 1203 Mne-

72 1218 193 1256 sarchi
203 1218 406 1269 poenitebat
420 1220 437 1255 ?
467 1219 589 1270 quid?
619 1219 792 1257 Dardani
807 1222 825 1258 ἶ)
854 1219 921 1270 qui
933 1226 1038 1256 erant
1052 1219 1177 1256 Athe-

71 1270 130 1308 nis
148 1279 231 1309 tum
250 1272 436 1323 principes
454 1273 679 1310 Stoicorum.
727 1273 943 1323 Nunquam
967 1285 990 1309 a
1015 1272 1178 1311 Philone

70 1323 250 1371 discessit,
270 1324 342 1362 nisi
360 1333 606 1377 posteaquam
623 1325 703 1376 ipse
721 1326 844 1377 coepit,
858 1325 925 1376 qui
937 1338 975 1364 se
989 1325 1176 1374 audirent,

71 1376 221 1416 habere.

126 1430 240 1469 Unde
259 1439 387 1470 autem
406 1431 530 1470 subito
548 1439 655 1470 vetus
673 1431 884 1470 Academia
901 1439 1073 1469 revocata
1091 1438 1145 1469 est
1159 1434 1177 1470 ἓ

72 1483 252 1522 Nominis
263 1484 486 1535 dignitatem
498 1485 659 1533 videtur,
672 1498 760 1524 cum
772 1498 795 1522 a
805 1498 844 1522 re
856 1485 938 1535 ipsa
950 1484 1178 1533 descisceret,

71 1537 231 1576 retinere
249 1538 409 1576 voluisse
425 1552 436 1583 3
467 1538 570 1589 quod
582 1546 700 1585 erant,
717 1540 785 1589 qui
798 1539 910 1576 illum
924 1538 1053 1588 gloriae
1067 1539 1180 1577 causa

71 1589 236 1629 facerent
250 1604 410 1642 sperare,
427 1592 540 1629 etiam
555 1591 647 1637 fore,
663 1599 707 1629 ut
724 1592 765 1639 ii,
787 1592 854 1643 qui
872 1605 910 1629 se
921 1600 1178 1642 sequerentur,

71 1643 271 1683 Antiochii
289 1653 520 1683 vocarentur.
550 1645 655 1683 Mihi
667 1653 794 1683 autem
806 1644 927 1695 magis
942 1645 1089 1682 videtur
1103 1658 1180 1683 non

71 1698 237 1748 potuisse
269 1698 449 1736 sustinere
476 1711 699 1737 concursum
732 1698 904 1737 omnium
938 1698 1181 1749 philosopho-

73 1763 186 1789 rum:
216 1752 357 1790 etenim
389 1751 436 1789 de
465 1752 604 1790 caeteris
635 1759 724 1790 sunt
755 1752 853 1790 inter
880 1752 964 1789 illos
996 1753 1182 1790 nonnulla

73 1805 315 1843 communia:
344 1805 426 1844 haec
453 1805 773 1844 Academicorum
798 1812 853 1843 est
879 1817 958 1842 una
982 1805 1179 1853 sententia,

74 1869 193 1908 quam
210 1859 444 1910 reliquorum
461 1859 774 1911 philosophorum
792 1870 905 1896 nemo
925 1859 1069 1909 probet.
1099 1859 1181 1896 lta-

75 1923 151 1961 que
169 1911 299 1950 caesit:
330 1918 367 1950 et
390 1920 435 1950 ut
455 1913 497 1959 ii,
525 1913 592 1964 qui
617 1911 708 1962 [sub
728 1912 870 1963 Novis]
893 1913 1010 1950 solem
1029 1924 1106 1949 non
1124 1911 1180 1949 fe-

75 1972 179 2011 runt,
199 1965 291 2002 item
310 1965 388 2013 ille,
412 1978 501 2004 cum
524 1973 710 2013 aestuaret,
738 1973 922 2012 veterum,
949 1972 994 2003 ut
1016 1964 1181 2004 Maenia-

73 2028 225 2064 norum,
246 2018 297 2056 sic
315 2018 646 2068 Academicorum,
665 2020 843 2057 umbram
861 2026 1010 2057 secutus
1034 2026 1100 2056 eet.

129 2070 296 2122 Quoque
315 2071 457 2110 solebat
473 2073 531 2111 uti
544 2080 768 2124 argumento
783 2080 881 2118 tum,
897 2085 985 2110 cum
1005 2071 1039 2108 ei
1056 2072 1182 2121 place-

75 2124 155 2171 bat,
184 2125 281 2162 nihil
309 2137 417 2176 posse
444 2125 600 2179 percipi,
623 2139 712 2167 cum
743 2132 941 2178 quaereret,
973 2124 1180 2177 Dionysius

132 2179 320 2226 (Philos.)
349 2189 453 2220 vol..
476 2190 528 2220 11.
781 2180 806 2217 2
830 2188 860 2219 Ε
