1456 2396
205 94 286 133 280
340 92 830 134 ACADEMICORUM
849 93 950 134 LIB.
967 93 1003 142 I.
1022 92 1130 134 cim.
1149 94 1212 133 12.

258 201 376 241 Tunc
393 202 534 252 Varro,
558 202 660 242 Tuae
684 209 774 242 sunt
798 216 903 242 nunc
926 210 1068 255 partes,
1094 201 1238 254 inquit,
1265 200 1334 253 qui

207 258 257 295 ab
277 257 526 308 antiquorum
544 257 691 296 ratione
708 270 812 297 nunc
831 258 1018 306 desciscis,
1038 264 1076 296 et
1095 270 1153 305 ea,
1177 269 1266 308 quae
1289 256 1339 293 ab

207 310 385 348 Arcesila
410 319 551 349 novata
577 320 681 359 sunt,
706 314 860 364 probas,
887 312 1035 359 docere,
1062 310 1180 363 quod,
1201 316 1240 348 et
1258 322 1339 370 qua

206 363 255 402 (le
273 377 401 426 causa,
421 365 623 403 discidium
642 366 788 405 factum
808 366 881 413 sit,
869 380 879 390 ·
906 374 951 404 ut
968 364 1180 412 videamus,
1200 363 1340 402 satisne

208 418 281 457 ista
301 419 349 456 sit
364 420 470 469 justa
488 419 659 459 defectio.

267 473 376 511 Tum
396 487 480 524 ego,
502 474 605 512 Cum
625 475 793 524 Zenone,
818 473 994 536 inquam,
1023 476 1084 517 (ut
1108 471 1341 532 accepimus)

210 526 403 566 Arcesilas
436 527 508 566 sibi
537 541 651 567 omne
681 537 871 567 certamen
905 527 1085 574 instituit,
1119 539 1197 566 non
1225 524 1343 577 perti-

209 581 334 629 nacia,
360 589 428 620 aut
452 582 577 621 studio
603 583 792 631 vincendi,
818 590 863 621 ut
881 582 979 620 mihi
999 581 1156 634 quidem
1175 580 1340 626 videtur,

210 635 276 674 sed
302 649 434 674 earum
459 650 588 675 rerum
614 638 855 685 obscuritate,
883 651 971 689 quae
993 636 1042 674 ad
1068 634 1342 674 confessionem

210 689 458 740 ignorationis
502 691 742 729 adduxerant
781 692 990 738 Socratem,
1028 689 1101 739 [et,
1138 689 1223 739 jam
1255 694 1344 725 ante

211 746 443 797 Socratem,]
454 744 736 794 Democritum,
747 746 1039 807 Anaxagoram,
1050 742 1343 794 Empedoclem,

213 810 347 837 omnes
374 811 483 850 paene
511 808 679 846 veterem
715 800 782 851 qui
804 799 901 838 nihil
925 797 1112 851 cognosci,
1139 797 1238 835 nihil
1259 808 1346 847 per-

212 852 302 903 cipi,
330 853 428 891 nihil
456 854 541 892 sciri
566 867 675 905 posse
704 852 953 906 [dixerunt]·
989 859 1171 904 angustos
1199 862 1346 896 sensus,

213 906 425 946 imbecillos
444 908 606 957 animos,
627 909 757 946 brevia
782 909 971 947 curricula
989 907 1091 955 vitae,
1119 913 1156 944 et
1182 908 1244 948 (ut
1266 903 1349 942 De·

214 961 413 1009 mocritus)
451 962 492 999 in
529 962 720 1014 profundo
758 962 957 1001 veritatem
993 974 1072 1000 esse
1103 960 1346 998 demersam·

213 1014 458 1066 opinionibus
485 1025 522 1054 et
546 1016 730 1055 institutis
752 1017 883 1054 onmia
907 1015 1050 1055 teneri.
1081 1014 1180 1053 nihil
1199 1011 1350 1051 veritati

214 1069 409 1121 relinqui.
449 1070 625 1122 deinceps
655 1071 785 1108 omnia
816 1070 982 1109 tenebris
1014 1068 1244 1108 circumfusa
1271 1079 1351 1105 esse

213 1123 407 1161 dixerunt.
450 1125 589 1176 Itaque
612 1124 804 1163 Arcesilas
826 1126 991 1176 negabat
1016 1137 1095 1162 oese
1116 1122 1346 1175 quidquam,

215 1177 320 1228 quod
340 1178 424 1216 sciri
442 1187 581 1230 posset,
609 1191 658 1217 ne
679 1178 778 1217 illud
803 1178 994 1231 quidem
983 1191 1127 1230 ipsum,
1154 1175 1259 1228 quod
1278 1175 1350 1213 So-

213 1240 333 1270 crates
358 1232 430 1270 sibi
452 1233 676 1284 reliquisset.
718 1233 781 1272 Sic
809 1233 940 1271 omnia
963 1233 1081 1271 latere
1107 1231 1283 1270 censebat
1306 1229 1347 1266 ιιι

213 1286 388 1333 occulto;
416 1299 541 1339 neque
560 1301 639 1326 esse
658 1287 886 1349 quidquam,
907 1286 1011 1339 quod
1029 1286 1132 1325 cerni
1150 1292 1218 1323 aut
1234 1283 1349 1326 intel-

213 1339 283 1391 ligi
312 1349 464 1392 posset.
505 1342 646 1393 quibus
674 1341 721 1380 de
749 1342 870 1380 causis
898 1341 997 1380 nihil
1024 1348 1197 1393 oportere
1222 1350 1350 1390 neque

213 1394 385 1445 profiteri
412 1408 536 1447 neque
566 1396 755 1434 affirmare
785 1408 1038 1448 quemquam,
1069 1407 1195 1447 neque
1221 1404 1349 1431 assen-

214 1448 319 1487 sione
348 1452 584 1501 approbare:
628 1451 879 1503 cohibereque
907 1462 1069 1502 semper,
1099 1457 1138 1488 et
1164 1449 1213 1486 ab
1241 1446 1349 1485 omni

214 1502 326 1554 lapsu
346 1504 538 1542 continere
558 1505 831 1543 temeritatem:
858 1519 945 1557 quae
959 1512 1044 1542 tum
1059 1511 1155 1542 esset
1172 1501 1347 1552 insignis,

215 1569 306 1594 cum
325 1566 393 1595 aut
411 1558 507 1596 falsa
525 1567 592 1596 aut
610 1559 804 1610 incognita
821 1572 880 1597 res
899 1560 1197 1620 approbaretur.
1223 1568 1350 1607 neque

215 1610 287 1649 hoc
307 1611 521 1663 quidquam
542 1626 619 1651 esse
638 1613 803 1664 turpius,
825 1626 944 1665 quam
968 1611 1175 1664 cognitioni
1201 1618 1239 1649 et
1262 1622 1350 1661 per-

216 1665 382 1716 ceptioni
401 1667 654 1705 assensionem
674 1668 1065 1719 approbationemque
1081 1677 1321 1718 praecurrere.

273 1719 379 1758 Huic
399 1721 536 1758 rationi
556 1721 660 1772 quod
680 1729 760 1759 erat
778 1729 1089 1768 consentaneum,
1110 1719 1286 1766 faciebat,
1306 1724 1352 1755 ut

217 1780 349 1812 contra
374 1775 550 1812 omnium
577 1776 780 1814 sententias
807 1776 887 1814 dies
910 1777 993 1826 jam
1011 1775 1212 1836 plerosque
1230 1772 1352 1811 dedu·

218 1836 344 1873 ceret,
375 1836 433 1875 ut,
454 1842 543 1867 cum
562 1829 602 1867 in
622 1830 756 1868 eadem
775 1842 815 1868 re
833 1830 941 1891 paria
957 1828 1153 1868 contrariis
1171 1828 1213 1866 in
1230 1826 1351 1879 parti-

219 1883 293 1920 bus
311 1891 508 1920 momenta
521 1883 713 1921 rationum
728 1884 1002 1930 invenirentur,
1018 1883 1168 1922 facilius
1182 1883 1230 1920 ab
1245 1881 1352 1919 utra»

221 1949 297 1987 que
326 1945 433 1988 parte
463 1938 625 1975 assensio
649 1938 907 1976 sustineretur.
956 1938 1071 1976 Hanc
1097 1935 1351 1975 Academiam

220 2002 362 2028 novam
382 1991 602 2042 appellant3
634 2005 721 2043 quae
746 1992 844 2030 mihi
871 2000 979 2031 vetus
1005 1991 1180 2036 videtu1;
1212 1990 1244 2028 si
1265 1988 1353 2041 qui-

222 2043 311 2082 dem
332 2045 535 2083 Platonem
558 2058 605 2084 ex
630 2046 699 2084 illa
724 2054 848 2085 vetere
873 2059 1147 2091 numeramus;
1178 2045 1287 2094 cujus
1312 2043 1353 2081 in

219 2098 328 2136 libris
346 2099 444 2136 nihil
462 2099 689 2147 affimiatur,
714 2107 751 2139 et
774 2101 816 2138 in
835 2109 1041 2153 utramque
1059 2106 1207 2160 partem
1226 2098 1352 2136 multa

221 2151 473 2202 disseruntur,
494 2153 543 2192 de
561 2154 741 2194 omnibus
760 2155 958 2218 quaeritur,
978 2154 1077 2193 nihil
1095 2153 1186 2193 certi
1203 2152 1355 2190 dicitur.

223 2205 300 2245 Sed
330 2214 459 2248 tamen
487 2207 571 2258 illa,
602 2222 722 2262 quam
754 2210 928 2263 exposui,
957 2216 1096 2256 vetus,
1133 2207 1230 2255 haec,
1258 2218 1358 2250 nova
