<?xml version="1.0" encoding="UTF-8"?>
<!DOCTYPE html PUBLIC "-//W3C//DTD XHTML 1.0 Transitional//EN"
    "http://www.w3.org/TR/xhtml1/DTD/xhtml1-transitional.dtd">
<html xmlns="http://www.w3.org/1999/xhtml" xml:lang="en" lang="en">
 <head>
  <title>
</title>
<meta http-equiv="Content-Type" content="text/html;charset=utf-8" />
  <meta name='ocr-system' content='tesseract 3.04.00' />
  <meta name='ocr-capabilities' content='ocr_page ocr_carea ocr_par ocr_line ocrx_word'/>
</head>
<body>
  <div class='ocr_page' id='page_1' title='image "./operaern02ciceuoft_0119.png"; bbox 0 0 1456 2396; ppageno 0'>
   <div class='ocr_carea' id='block_1_1' title="bbox 264 101 1238 155">
    <p class='ocr_par' dir='ltr' id='par_1_1' title="bbox 264 101 1238 155">
     <span class='ocr_line' id='line_1_1' title="bbox 264 101 1238 155; baseline 0 -12"><span class='ocrx_word' id='word_1_1' title='bbox 264 101 438 143; x_wconf 83' lang='lat' dir='ltr'><strong>ORAT.</strong></span> <span class='ocrx_word' id='word_1_2' title='bbox 470 103 886 155; x_wconf 87' lang='lat' dir='ltr'>PARTITIONES,</span> <span class='ocrx_word' id='word_1_3' title='bbox 916 103 1022 144; x_wconf 70' lang='lat' dir='ltr'>CAP.</span> <span class='ocrx_word' id='word_1_4' title='bbox 1044 107 1082 144; x_wconf 85' lang='lat'>8.</span> <span class='ocrx_word' id='word_1_5' title='bbox 1161 105 1238 144; x_wconf 85' lang='lat'>105</span> 
     </span>
    </p>
   </div>
   <div class='ocr_carea' id='block_1_2' title="bbox 111 211 1247 2277">
    <p class='ocr_par' dir='ltr' id='par_1_2' title="bbox 111 211 1247 2277">
     <span class='ocr_line' id='line_1_2' title="bbox 115 211 1242 267; baseline 0.001 -16"><span class='ocrx_word' id='word_1_6' title='bbox 115 211 286 264; x_wconf 82' lang='lat' dir='ltr'>exposita</span> <span class='ocrx_word' id='word_1_7' title='bbox 309 220 379 261; x_wconf 88' lang='lat' dir='ltr'>est,</span> <span class='ocrx_word' id='word_1_8' title='bbox 409 213 504 266; x_wconf 82' lang='lat' dir='ltr'>quid</span> <span class='ocrx_word' id='word_1_9' title='bbox 528 213 645 252; x_wconf 86' lang='lat' dir='ltr'>habes</span> <span class='ocrx_word' id='word_1_10' title='bbox 673 214 721 253; x_wconf 87' lang='lat' dir='ltr'>de</span> <span class='ocrx_word' id='word_1_11' title='bbox 749 214 930 253; x_wconf 88' lang='lat' dir='ltr'>orationis</span> <span class='ocrx_word' id='word_1_12' title='bbox 956 214 1156 267; x_wconf 85' lang='lat' dir='ltr'>praeceptis</span> <span class='ocrx_word' id='word_1_13' title='bbox 1180 213 1242 252; x_wconf 91' lang='lat' dir='ltr'>di-</span> 
     </span>
     <span class='ocr_line' id='line_1_3' title="bbox 115 268 1241 331; baseline 0.002 -27"><span class='ocrx_word' id='word_1_14' title='bbox 115 269 229 305; x_wconf 83' lang='lat' dir='ltr'>cere?</span> <span class='ocrx_word' id='word_1_15' title='bbox 285 269 421 306; x_wconf 79' lang='lat' dir='ltr'>Pater.</span> <span class='ocrx_word' id='word_1_16' title='bbox 462 268 643 316; x_wconf 82' lang='lat' dir='ltr'>Quatuor</span> <span class='ocrx_word' id='word_1_17' title='bbox 675 270 757 318; x_wconf 89' lang='lat' dir='ltr'>ejus</span> <span class='ocrx_word' id='word_1_18' title='bbox 791 282 870 308; x_wconf 90' lang='lat' dir='ltr'>esse</span> <span class='ocrx_word' id='word_1_19' title='bbox 899 278 1040 330; x_wconf 87' lang='lat' dir='ltr'>partes,</span> <span class='ocrx_word' id='word_1_20' title='bbox 1073 281 1241 331; x_wconf 78' lang='lat' dir='ltr'>quarum</span> 
     </span>
     <span class='ocr_line' id='line_1_4' title="bbox 114 320 1241 382; baseline 0.004 -24"><span class='ocrx_word' id='word_1_21' title='bbox 114 320 240 382; x_wconf 78' lang='lat' dir='ltr'>prima</span> <span class='ocrx_word' id='word_1_22' title='bbox 264 329 301 360; x_wconf 89' lang='lat' dir='ltr'>et</span> <span class='ocrx_word' id='word_1_23' title='bbox 325 330 518 374; x_wconf 86' lang='lat' dir='ltr'>postrema</span> <span class='ocrx_word' id='word_1_24' title='bbox 543 323 593 361; x_wconf 89' lang='lat' dir='ltr'>ad</span> <span class='ocrx_word' id='word_1_25' title='bbox 617 331 770 361; x_wconf 88' lang='lat' dir='ltr'>motum</span> <span class='ocrx_word' id='word_1_26' title='bbox 789 323 910 361; x_wconf 87' lang='lat' dir='ltr'>animi</span> <span class='ocrx_word' id='word_1_27' title='bbox 929 324 1054 362; x_wconf 71' lang='lat' dir='ltr'>vtalet</span> <span class='ocrx_word' id='word_1_28' title='bbox 1085 325 1117 362; x_wconf 87' lang='lat' dir='ltr'>is</span> <span class='ocrx_word' id='word_1_29' title='bbox 1136 323 1241 362; x_wconf 91' lang='lat' dir='ltr'>enim</span> 
     </span>
     <span class='ocr_line' id='line_1_5' title="bbox 113 374 1239 439; baseline 0.002 -26"><span class='ocrx_word' id='word_1_30' title='bbox 113 374 231 413; x_wconf 87' lang='lat' dir='ltr'>initiis</span> <span class='ocrx_word' id='word_1_31' title='bbox 261 383 316 414; x_wconf 85' lang='lat' dir='ltr'>est</span> <span class='ocrx_word' id='word_1_32' title='bbox 345 384 382 415; x_wconf 91' lang='lat' dir='ltr'>et</span> <span class='ocrx_word' id='word_1_33' title='bbox 409 377 713 428; x_wconf 85' lang='lat' dir='ltr'>perorationibus</span> <span class='ocrx_word' id='word_1_34' title='bbox 741 378 997 416; x_wconf 76' lang='lat' dir='ltr'>concitandus.</span> <span class='ocrx_word' id='word_1_35' title='bbox 1047 377 1239 439; x_wconf 78' lang='lat' dir='ltr'>Secunda,</span> 
     </span>
     <span class='ocr_line' id='line_1_6' title="bbox 113 429 1240 479; baseline 0.002 -12"><span class='ocrx_word' id='word_1_36' title='bbox 113 429 304 476; x_wconf 86' lang='lat' dir='ltr'>narratio;</span> <span class='ocrx_word' id='word_1_37' title='bbox 335 438 372 469; x_wconf 89' lang='lat' dir='ltr'>et</span> <span class='ocrx_word' id='word_1_38' title='bbox 396 432 519 479; x_wconf 87' lang='lat' dir='ltr'>tertia,</span> <span class='ocrx_word' id='word_1_39' title='bbox 548 431 798 479; x_wconf 86' lang='lat' dir='ltr'>confirmatio,</span> <span class='ocrx_word' id='word_1_40' title='bbox 820 432 937 470; x_wconf 88' lang='lat' dir='ltr'>fidem</span> <span class='ocrx_word' id='word_1_41' title='bbox 955 433 1046 471; x_wconf 86' lang='lat' dir='ltr'>facit</span> <span class='ocrx_word' id='word_1_42' title='bbox 1065 431 1240 471; x_wconf 88' lang='lat' dir='ltr'>orationi.</span> 
     </span>
     <span class='ocr_line' id='line_1_7' title="bbox 114 483 1241 546; baseline 0.002 -25.002"><span class='ocrx_word' id='word_1_43' title='bbox 114 483 191 521; x_wconf 87' lang='lat' dir='ltr'>Sed</span> <span class='ocrx_word' id='word_1_44' title='bbox 208 485 455 546; x_wconf 79' lang='lat' dir='ltr'>amplificatio</span> <span class='ocrx_word' id='word_1_45' title='bbox 475 499 715 537; x_wconf 85' lang='lat' dir='ltr'>quamquam</span> <span class='ocrx_word' id='word_1_46' title='bbox 734 487 851 525; x_wconf 89' lang='lat' dir='ltr'>habet</span> <span class='ocrx_word' id='word_1_47' title='bbox 869 487 1069 538; x_wconf 82' lang='lat' dir='ltr'>proprium</span> <span class='ocrx_word' id='word_1_48' title='bbox 1095 488 1241 534; x_wconf 90' lang='lat' dir='ltr'>locum,</span> 
     </span>
     <span class='ocr_line' id='line_1_8' title="bbox 114 539 1241 602; baseline 0.002 -27"><span class='ocrx_word' id='word_1_49' title='bbox 114 551 212 589; x_wconf 89' lang='lat' dir='ltr'>saepe</span> <span class='ocrx_word' id='word_1_50' title='bbox 224 539 340 576; x_wconf 86' lang='lat' dir='ltr'>etiam</span> <span class='ocrx_word' id='word_1_51' title='bbox 353 540 540 601; x_wconf 80' lang='lat' dir='ltr'>primum,</span> <span class='ocrx_word' id='word_1_52' title='bbox 556 550 795 602; x_wconf 81' lang='lat' dir='ltr'>postremum</span> <span class='ocrx_word' id='word_1_53' title='bbox 811 540 968 592; x_wconf 86' lang='lat' dir='ltr'>quidem</span> <span class='ocrx_word' id='word_1_54' title='bbox 983 541 1061 579; x_wconf 89' lang='lat' dir='ltr'>fere</span> <span class='ocrx_word' id='word_1_55' title='bbox 1076 554 1241 592; x_wconf 86' lang='lat' dir='ltr'>semper,</span> 
     </span>
     <span class='ocr_line' id='line_1_9' title="bbox 112 593 1243 645; baseline 0.004 -16"><span class='ocrx_word' id='word_1_56' title='bbox 112 599 242 630; x_wconf 90' lang='lat' dir='ltr'>tamen</span> <span class='ocrx_word' id='word_1_57' title='bbox 256 593 427 645; x_wconf 86' lang='lat' dir='ltr'>reliquo&#39;</span> <span class='ocrx_word' id='word_1_58' title='bbox 417 607 457 632; x_wconf 84' lang='lat' dir='ltr'>in</span> <span class='ocrx_word' id='word_1_59' title='bbox 471 607 584 632; x_wconf 86' lang='lat' dir='ltr'>cursu</span> <span class='ocrx_word' id='word_1_60' title='bbox 599 595 779 633; x_wconf 88' lang='lat' dir='ltr'>orationis</span> <span class='ocrx_word' id='word_1_61' title='bbox 794 595 1012 633; x_wconf 87' lang='lat' dir='ltr'>adhibenda</span> <span class='ocrx_word' id='word_1_62' title='bbox 1026 604 1095 643; x_wconf 88' lang='lat' dir='ltr'>est,</span> <span class='ocrx_word' id='word_1_63' title='bbox 1116 595 1243 632; x_wconf 83' lang='lat' dir='ltr'>maxi-</span> 
     </span>
     <span class='ocr_line' id='line_1_10' title="bbox 112 648 1244 701; baseline 0.003 -17"><span class='ocrx_word' id='word_1_64' title='bbox 112 658 252 698; x_wconf 85' lang='lat' dir='ltr'>meque</span> <span class='ocrx_word' id='word_1_65' title='bbox 270 660 360 685; x_wconf 90' lang='lat' dir='ltr'>cum</span> <span class='ocrx_word' id='word_1_66' title='bbox 378 648 527 701; x_wconf 81' lang='lat' dir='ltr'>aliquid</span> <span class='ocrx_word' id='word_1_67' title='bbox 544 657 612 687; x_wconf 88' lang='lat' dir='ltr'>aut</span> <span class='ocrx_word' id='word_1_68' title='bbox 631 649 902 687; x_wconf 87' lang='lat' dir='ltr'>confirmatum</span> <span class='ocrx_word' id='word_1_69' title='bbox 926 658 996 697; x_wconf 82' lang='lat' dir='ltr'>est,</span> <span class='ocrx_word' id='word_1_70' title='bbox 1025 658 1092 687; x_wconf 87' lang='lat' dir='ltr'>aut</span> <span class='ocrx_word' id='word_1_71' title='bbox 1115 662 1244 700; x_wconf 85' lang='lat' dir='ltr'>repre-</span> 
     </span>
     <span class='ocr_line' id='line_1_11' title="bbox 112 700 1243 755; baseline 0.003 -17"><span class='ocrx_word' id='word_1_72' title='bbox 112 700 289 738; x_wconf 75' lang='lat' dir='ltr'>hensum.</span> <span class='ocrx_word' id='word_1_73' title='bbox 326 701 465 752; x_wconf 78' lang='lat' dir='ltr'>Itaque</span> <span class='ocrx_word' id='word_1_74' title='bbox 484 703 533 740; x_wconf 82' lang='lat' dir='ltr'>ad</span> <span class='ocrx_word' id='word_1_75' title='bbox 552 703 669 741; x_wconf 86' lang='lat' dir='ltr'>fidem</span> <span class='ocrx_word' id='word_1_76' title='bbox 688 717 843 755; x_wconf 87' lang='lat' dir='ltr'>quoque</span> <span class='ocrx_word' id='word_1_77' title='bbox 862 703 922 742; x_wconf 83' lang='lat' dir='ltr'>vel</span> <span class='ocrx_word' id='word_1_78' title='bbox 941 704 1157 754; x_wconf 90' lang='lat' dir='ltr'>plurimum</span> <span class='ocrx_word' id='word_1_79' title='bbox 1176 716 1243 741; x_wconf 85' lang='lat' dir='ltr'>va-</span> 
     </span>
     <span class='ocr_line' id='line_1_12' title="bbox 111 754 1243 809; baseline 0.003 -17"><span class='ocrx_word' id='word_1_80' title='bbox 111 754 176 793; x_wconf 90' lang='lat' dir='ltr'>let.</span> <span class='ocrx_word' id='word_1_81' title='bbox 215 754 290 793; x_wconf 82' lang='lat' dir='ltr'>Est</span> <span class='ocrx_word' id='word_1_82' title='bbox 307 755 411 793; x_wconf 90' lang='lat' dir='ltr'>enim</span> <span class='ocrx_word' id='word_1_83' title='bbox 430 756 677 806; x_wconf 88' lang='lat' dir='ltr'>amplificatio</span> <span class='ocrx_word' id='word_1_84' title='bbox 696 758 901 795; x_wconf 82' lang='lat' dir='ltr'>vehemens</span> <span class='ocrx_word' id='word_1_85' title='bbox 920 757 1101 809; x_wconf 86' lang='lat' dir='ltr'>quaedam</span> <span class='ocrx_word' id='word_1_86' title='bbox 1126 771 1243 808; x_wconf 45' lang='lat' dir='ltr'>argu„</span> 
     </span>
     <span class='ocr_line' id='line_1_13' title="bbox 111 808 1243 858; baseline 0.003 -11"><span class='ocrx_word' id='word_1_87' title='bbox 111 808 326 854; x_wconf 86' lang='lat' dir='ltr'>mentatio;</span> <span class='ocrx_word' id='word_1_88' title='bbox 367 816 412 846; x_wconf 91' lang='lat' dir='ltr'>ut</span> <span class='ocrx_word' id='word_1_89' title='bbox 442 810 510 847; x_wconf 86' lang='lat' dir='ltr'>illa</span> <span class='ocrx_word' id='word_1_90' title='bbox 537 810 699 848; x_wconf 81' lang='lat' dir='ltr'>docendi</span> <span class='ocrx_word' id='word_1_91' title='bbox 726 824 840 848; x_wconf 81' lang='lat' dir='ltr'>causa</span> <span class='ocrx_word' id='word_1_92' title='bbox 867 811 930 858; x_wconf 81' lang='lat' dir='ltr'>sit,</span> <span class='ocrx_word' id='word_1_93' title='bbox 960 811 1042 849; x_wconf 85' lang='lat' dir='ltr'>haec</span> <span class='ocrx_word' id='word_1_94' title='bbox 1070 824 1243 850; x_wconf 88' lang='lat' dir='ltr'>commo-</span> 
     </span>
     <span class='ocr_line' id='line_1_14' title="bbox 111 863 1244 916; baseline 0.004 -15"><span class='ocrx_word' id='word_1_95' title='bbox 111 863 237 902; x_wconf 89' lang='lat' dir='ltr'>vendi.</span> <span class='ocrx_word' id='word_1_96' title='bbox 293 865 438 901; x_wconf 73' lang='lat' dir='ltr'>Filius.</span> <span class='ocrx_word' id='word_1_97' title='bbox 482 864 604 914; x_wconf 86' lang='lat' dir='ltr'>Perge</span> <span class='ocrx_word' id='word_1_98' title='bbox 636 864 754 915; x_wconf 83' lang='lat' dir='ltr'>igitur</span> <span class='ocrx_word' id='word_1_99' title='bbox 784 863 917 903; x_wconf 82' lang='lat' dir='ltr'>ordine</span> <span class='ocrx_word' id='word_1_100' title='bbox 946 873 1112 916; x_wconf 85' lang='lat' dir='ltr'>quatuor</span> <span class='ocrx_word' id='word_1_101' title='bbox 1143 866 1244 905; x_wconf 80' lang='lat' dir='ltr'>mihi</span> 
     </span>
     <span class='ocr_line' id='line_1_15' title="bbox 111 917 1242 979; baseline 0.002 -23"><span class='ocrx_word' id='word_1_102' title='bbox 111 917 203 956; x_wconf 88' lang='lat' dir='ltr'>istas</span> <span class='ocrx_word' id='word_1_103' title='bbox 226 924 353 979; x_wconf 61' lang='lat' dir='ltr'>partes</span> <span class='ocrx_word' id='word_1_104' title='bbox 379 917 580 969; x_wconf 82' lang='lat' dir='ltr'>explicare.</span> <span class='ocrx_word' id='word_1_105' title='bbox 637 920 774 956; x_wconf 80' lang='lat' dir='ltr'>Pater.</span> <span class='ocrx_word' id='word_1_106' title='bbox 810 917 994 965; x_wconf 81' lang='lat' dir='ltr'>Faciam3</span> <span class='ocrx_word' id='word_1_107' title='bbox 1026 927 1063 957; x_wconf 91' lang='lat' dir='ltr'>et</span> <span class='ocrx_word' id='word_1_108' title='bbox 1087 933 1111 957; x_wconf 89' lang='grc'>3</span> <span class='ocrx_word' id='word_1_109' title='bbox 1134 921 1242 972; x_wconf 89' lang='lat' dir='ltr'>prin-</span> 
     </span>
     <span class='ocr_line' id='line_1_16' title="bbox 112 947 1245 1034; baseline 0.003 -23"><span class='ocrx_word' id='word_1_110' title='bbox 112 972 220 1024; x_wconf 90' lang='lat' dir='ltr'>cipiis</span> <span class='ocrx_word' id='word_1_111' title='bbox 237 972 410 1034; x_wconf 80' lang='lat' dir='ltr'>primum</span> <span class='ocrx_word' id='word_1_112' title='bbox 429 972 580 1019; x_wconf 83' lang='lat' dir='ltr'>ordiar3</span> <span class='ocrx_word' id='word_1_113' title='bbox 611 986 699 1024; x_wconf 88' lang='lat' dir='ltr'>quae</span> <span class='ocrx_word' id='word_1_114' title='bbox 718 971 876 1024; x_wconf 90' lang='lat' dir='ltr'>quidem</span> <span class='ocrx_word' id='word_1_115' title='bbox 895 947 1090 1012; x_wconf 75' lang='lat' dir='ltr'>duciintur</span> <span class='ocrx_word' id='word_1_116' title='bbox 1108 983 1176 1013; x_wconf 88' lang='lat' dir='ltr'>aut</span> <span class='ocrx_word' id='word_1_117' title='bbox 1195 988 1245 1014; x_wconf 83' lang='lat' dir='ltr'>ex</span> 
     </span>
     <span class='ocr_line' id='line_1_17' title="bbox 111 1027 1244 1078; baseline 0.002 -12"><span class='ocrx_word' id='word_1_118' title='bbox 111 1027 296 1078; x_wconf 83' lang='lat' dir='ltr'>personis,</span> <span class='ocrx_word' id='word_1_119' title='bbox 317 1035 384 1064; x_wconf 91' lang='lat' dir='ltr'>aut</span> <span class='ocrx_word' id='word_1_120' title='bbox 403 1040 452 1065; x_wconf 78' lang='lat' dir='ltr'>ex</span> <span class='ocrx_word' id='word_1_121' title='bbox 470 1027 612 1065; x_wconf 89' lang='lat' dir='ltr'>rebus</span> <span class='ocrx_word' id='word_1_122' title='bbox 602 1027 706 1078; x_wconf 80' lang='lat' dir='ltr'>lpsis.</span> <span class='ocrx_word' id='word_1_123' title='bbox 737 1029 955 1065; x_wconf 82' lang='lat' dir='ltr'>Sumuntur</span> <span class='ocrx_word' id='word_1_124' title='bbox 974 1035 1104 1066; x_wconf 88' lang='lat' dir='ltr'>autem</span> <span class='ocrx_word' id='word_1_125' title='bbox 1123 1029 1244 1068; x_wconf 86' lang='lat' dir='ltr'>trium</span> 
     </span>
     <span class='ocr_line' id='line_1_18' title="bbox 112 1081 1245 1133; baseline 0.002 -13"><span class='ocrx_word' id='word_1_126' title='bbox 112 1094 242 1120; x_wconf 90' lang='lat' dir='ltr'>rerum</span> <span class='ocrx_word' id='word_1_127' title='bbox 261 1081 408 1133; x_wconf 68' lang='lat' dir='ltr'>gratia:</span> <span class='ocrx_word' id='word_1_128' title='bbox 438 1089 484 1119; x_wconf 92' lang='lat' dir='ltr'>ut</span> <span class='ocrx_word' id='word_1_129' title='bbox 508 1081 643 1129; x_wconf 85' lang='lat' dir='ltr'>amice,</span> <span class='ocrx_word' id='word_1_130' title='bbox 671 1089 716 1119; x_wconf 91' lang='lat' dir='ltr'>ut</span> <span class='ocrx_word' id='word_1_131' title='bbox 740 1081 1010 1132; x_wconf 84' lang='lat' dir='ltr'>intelligenter,</span> <span class='ocrx_word' id='word_1_132' title='bbox 1037 1090 1082 1120; x_wconf 91' lang='lat' dir='ltr'>ut</span> <span class='ocrx_word' id='word_1_133' title='bbox 1100 1090 1245 1123; x_wconf 88' lang='lat' dir='ltr'>attente</span> 
     </span>
     <span class='ocr_line' id='line_1_19' title="bbox 112 1135 1245 1188; baseline 0.003 -14"><span class='ocrx_word' id='word_1_134' title='bbox 112 1135 328 1174; x_wconf 85' lang='lat' dir='ltr'>audiamur.</span> <span class='ocrx_word' id='word_1_135' title='bbox 377 1135 559 1184; x_wconf 89' lang='lat' dir='ltr'>Quorum</span> <span class='ocrx_word' id='word_1_136' title='bbox 591 1136 740 1188; x_wconf 91' lang='lat' dir='ltr'>primus</span> <span class='ocrx_word' id='word_1_137' title='bbox 771 1135 878 1174; x_wconf 90' lang='lat' dir='ltr'>locus</span> <span class='ocrx_word' id='word_1_138' title='bbox 911 1144 967 1175; x_wconf 85' lang='lat' dir='ltr'>est</span> <span class='ocrx_word' id='word_1_139' title='bbox 999 1137 1040 1174; x_wconf 91' lang='lat' dir='ltr'>in</span> <span class='ocrx_word' id='word_1_140' title='bbox 1072 1138 1245 1188; x_wconf 87' lang='lat' dir='ltr'>personis</span> 
     </span>
     <span class='ocr_line' id='line_1_20' title="bbox 112 1190 1245 1244; baseline 0.002 -15"><span class='ocrx_word' id='word_1_141' title='bbox 112 1190 263 1238; x_wconf 79' lang='lat' dir='ltr'>nostris,</span> <span class='ocrx_word' id='word_1_142' title='bbox 277 1190 589 1243; x_wconf 84' lang='lat' dir='ltr'>disceptatorum,</span> <span class='ocrx_word' id='word_1_143' title='bbox 603 1190 927 1237; x_wconf 81' lang='lat' dir='ltr'>adversariorum3</span> <span class='ocrx_word' id='word_1_144' title='bbox 949 1204 970 1229; x_wconf 94' lang='lat' dir='ltr'>e</span> <span class='ocrx_word' id='word_1_145' title='bbox 981 1191 1122 1244; x_wconf 90' lang='lat' dir='ltr'>quibus</span> <span class='ocrx_word' id='word_1_146' title='bbox 1134 1192 1245 1232; x_wconf 86' lang='lat' dir='ltr'>initia</span> 
     </span>
     <span class='ocr_line' id='line_1_21' title="bbox 113 1244 1246 1297; baseline 0.002 -13"><span class='ocrx_word' id='word_1_147' title='bbox 113 1244 388 1284; x_wconf 65' lang='lat' dir='ltr'>benevolentiae</span> <span class='ocrx_word' id='word_1_148' title='bbox 416 1245 663 1283; x_wconf 86' lang='lat' dir='ltr'>conciliandae</span> <span class='ocrx_word' id='word_1_149' title='bbox 690 1252 974 1297; x_wconf 83' lang='lat' dir='ltr'>comparantur,</span> <span class='ocrx_word' id='word_1_150' title='bbox 1004 1254 1072 1284; x_wconf 90' lang='lat' dir='ltr'>aut</span> <span class='ocrx_word' id='word_1_151' title='bbox 1098 1247 1246 1286; x_wconf 87' lang='lat' dir='ltr'>meritis</span> 
     </span>
     <span class='ocr_line' id='line_1_22' title="bbox 114 1298 1246 1351; baseline 0.003 -14"><span class='ocrx_word' id='word_1_152' title='bbox 114 1299 266 1348; x_wconf 81' lang='lat' dir='ltr'>nostris,</span> <span class='ocrx_word' id='word_1_153' title='bbox 287 1308 356 1338; x_wconf 87' lang='lat' dir='ltr'>aut</span> <span class='ocrx_word' id='word_1_154' title='bbox 377 1298 576 1350; x_wconf 81' lang='lat' dir='ltr'>dignitate,</span> <span class='ocrx_word' id='word_1_155' title='bbox 604 1307 672 1338; x_wconf 84' lang='lat' dir='ltr'>aut</span> <span class='ocrx_word' id='word_1_156' title='bbox 696 1299 827 1351; x_wconf 90' lang='lat' dir='ltr'>aliquo</span> <span class='ocrx_word' id='word_1_157' title='bbox 852 1312 989 1350; x_wconf 87' lang='lat' dir='ltr'>genere</span> <span class='ocrx_word' id='word_1_158' title='bbox 1013 1300 1179 1350; x_wconf 84' lang='lat' dir='ltr'>virtutis,</span> <span class='ocrx_word' id='word_1_159' title='bbox 1207 1309 1246 1340; x_wconf 87' lang='lat' dir='ltr'>et</span> 
     </span>
     <span class='ocr_line' id='line_1_23' title="bbox 114 1353 1246 1404; baseline 0.001 -12"><span class='ocrx_word' id='word_1_160' title='bbox 114 1353 286 1392; x_wconf 78' lang='lat' dir='ltr'>maxime</span> <span class='ocrx_word' id='word_1_161' title='bbox 310 1353 561 1402; x_wconf 84' lang='lat' dir='ltr'>liberalitatis,</span> <span class='ocrx_word' id='word_1_162' title='bbox 589 1354 718 1403; x_wconf 87' lang='lat' dir='ltr'>officii,</span> <span class='ocrx_word' id='word_1_163' title='bbox 741 1353 916 1404; x_wconf 66' lang='lat' dir='ltr'>justitiae,</span> <span class='ocrx_word' id='word_1_164' title='bbox 944 1354 1059 1401; x_wconf 87' lang='lat' dir='ltr'>fidei,</span> <span class='ocrx_word' id='word_1_165' title='bbox 1048 1369 1058 1378; x_wconf 93' lang='lat'><strong>·</strong></span> <span class='ocrx_word' id='word_1_166' title='bbox 1095 1363 1246 1394; x_wconf 89' lang='lat' dir='ltr'>contra-</span> 
     </span>
     <span class='ocr_line' id='line_1_24' title="bbox 113 1407 1243 1461; baseline 0.002 -15"><span class='ocrx_word' id='word_1_167' title='bbox 113 1408 256 1460; x_wconf 85' lang='lat' dir='ltr'>riisque</span> <span class='ocrx_word' id='word_1_168' title='bbox 274 1408 415 1446; x_wconf 91' lang='lat' dir='ltr'>rebus</span> <span class='ocrx_word' id='word_1_169' title='bbox 405 1421 446 1446; x_wconf 90' lang='lat' dir='ltr'>m</span> <span class='ocrx_word' id='word_1_170' title='bbox 465 1408 697 1447; x_wconf 86' lang='lat' dir='ltr'>adversarios</span> <span class='ocrx_word' id='word_1_171' title='bbox 721 1407 974 1457; x_wconf 88' lang='lat' dir='ltr'>conferendis,</span> <span class='ocrx_word' id='word_1_172' title='bbox 1001 1416 1039 1447; x_wconf 89' lang='lat' dir='ltr'>et</span> <span class='ocrx_word' id='word_1_173' title='bbox 1063 1422 1153 1447; x_wconf 86' lang='lat' dir='ltr'>cum</span> <span class='ocrx_word' id='word_1_174' title='bbox 1181 1410 1243 1461; x_wconf 89' lang='lat' dir='ltr'>iis,</span> 
     </span>
     <span class='ocr_line' id='line_1_25' title="bbox 114 1462 1246 1515; baseline 0.003 -14"><span class='ocrx_word' id='word_1_175' title='bbox 114 1462 184 1515; x_wconf 90' lang='lat' dir='ltr'>qui</span> <span class='ocrx_word' id='word_1_176' title='bbox 214 1462 439 1514; x_wconf 83' lang='lat' dir='ltr'>disceptant,</span> <span class='ocrx_word' id='word_1_177' title='bbox 470 1462 603 1514; x_wconf 64' lang='lat' dir='ltr'>aliqua</span> <span class='ocrx_word' id='word_1_178' title='bbox 632 1462 910 1513; x_wconf 84' lang='lat' dir='ltr'>conjunctionis</span> <span class='ocrx_word' id='word_1_179' title='bbox 938 1471 1006 1502; x_wconf 89' lang='lat' dir='ltr'>aut</span> <span class='ocrx_word' id='word_1_180' title='bbox 1033 1464 1149 1503; x_wconf 63' lang='lat' dir='ltr'>causa</span> <span class='ocrx_word' id='word_1_181' title='bbox 1176 1473 1246 1504; x_wconf 89' lang='lat' dir='ltr'>aut</span> 
     </span>
     <span class='ocr_line' id='line_1_26' title="bbox 115 1516 1245 1579; baseline 0 -22"><span class='ocrx_word' id='word_1_182' title='bbox 115 1530 183 1579; x_wconf 80' lang='lat' dir='ltr'>spe</span> <span class='ocrx_word' id='word_1_183' title='bbox 201 1517 476 1568; x_wconf 76' lang='grc' dir='ltr'>518011103οἀ3;</span> <span class='ocrx_word' id='word_1_184' title='bbox 507 1525 558 1566; x_wconf 89' lang='lat' dir='ltr'>et,</span> <span class='ocrx_word' id='word_1_185' title='bbox 580 1517 612 1555; x_wconf 92' lang='lat' dir='ltr'>si</span> <span class='ocrx_word' id='word_1_186' title='bbox 630 1517 670 1555; x_wconf 92' lang='lat' dir='ltr'>in</span> <span class='ocrx_word' id='word_1_187' title='bbox 696 1530 765 1555; x_wconf 92' lang='lat' dir='ltr'>nos</span> <span class='ocrx_word' id='word_1_188' title='bbox 790 1516 948 1568; x_wconf 83' lang='lat' dir='ltr'>aliquod</span> <span class='ocrx_word' id='word_1_189' title='bbox 972 1517 1106 1556; x_wconf 92' lang='lat' dir='ltr'>odium</span> <span class='ocrx_word' id='word_1_190' title='bbox 1124 1519 1245 1557; x_wconf 87' lang='lat' dir='ltr'>offen-</span> 
     </span>
     <span class='ocr_line' id='line_1_27' title="bbox 115 1570 1246 1624; baseline 0.001 -14"><span class='ocrx_word' id='word_1_191' title='bbox 115 1572 217 1611; x_wconf 85' lang='lat' dir='ltr'>siove</span> <span class='ocrx_word' id='word_1_192' title='bbox 244 1570 422 1624; x_wconf 90' lang='lat' dir='ltr'>[collata]</span> <span class='ocrx_word' id='word_1_193' title='bbox 451 1571 710 1620; x_wconf 67' lang='grc' dir='ltr'>511,ῐο]100(13</span> <span class='ocrx_word' id='word_1_194' title='bbox 735 1571 780 1610; x_wconf 90' lang='grc'>03</span> <span class='ocrx_word' id='word_1_195' title='bbox 805 1571 1078 1622; x_wconf 84' lang='lat' dir='ltr'>minuendave,</span> <span class='ocrx_word' id='word_1_196' title='bbox 1099 1581 1167 1612; x_wconf 92' lang='lat' dir='ltr'>aut</span> <span class='ocrx_word' id='word_1_197' title='bbox 1185 1573 1246 1611; x_wconf 87' lang='lat' dir='ltr'>di-</span> 
     </span>
     <span class='ocr_line' id='line_1_28' title="bbox 114 1625 1247 1678; baseline 0.002 -13"><span class='ocrx_word' id='word_1_198' title='bbox 114 1625 271 1674; x_wconf 90' lang='lat' dir='ltr'>luendo,</span> <span class='ocrx_word' id='word_1_199' title='bbox 291 1634 359 1665; x_wconf 87' lang='lat' dir='ltr'>aut</span> <span class='ocrx_word' id='word_1_200' title='bbox 383 1626 640 1675; x_wconf 81' lang='lat' dir='ltr'>extenuando,</span> <span class='ocrx_word' id='word_1_201' title='bbox 669 1633 737 1664; x_wconf 87' lang='lat' dir='ltr'>aut</span> <span class='ocrx_word' id='word_1_202' title='bbox 762 1626 1058 1678; x_wconf 87' lang='lat' dir='ltr'>compensando,</span> <span class='ocrx_word' id='word_1_203' title='bbox 1086 1635 1155 1666; x_wconf 87' lang='lat' dir='ltr'>aut</span> <span class='ocrx_word' id='word_1_204' title='bbox 1179 1628 1247 1667; x_wconf 84' lang='lat' dir='ltr'>de·-</span> 
     </span>
     <span class='ocr_line' id='line_1_29' title="bbox 115 1680 1246 1742; baseline 0.001 -22"><span class='ocrx_word' id='word_1_205' title='bbox 115 1680 316 1733; x_wconf 85' lang='lat' dir='ltr'>precando.</span> <span class='ocrx_word' id='word_1_206' title='bbox 357 1681 624 1742; x_wconf 76' lang='lat' dir='ltr'>Intelligenter</span> <span class='ocrx_word' id='word_1_207' title='bbox 650 1689 781 1719; x_wconf 90' lang='lat' dir='ltr'>autem</span> <span class='ocrx_word' id='word_1_208' title='bbox 807 1689 851 1718; x_wconf 89' lang='lat' dir='ltr'>ut</span> <span class='ocrx_word' id='word_1_209' title='bbox 877 1680 1095 1729; x_wconf 80' lang='lat' dir='ltr'>audiamur,</span> <span class='ocrx_word' id='word_1_210' title='bbox 1122 1690 1160 1720; x_wconf 91' lang='lat' dir='ltr'>et</span> <span class='ocrx_word' id='word_1_211' title='bbox 1186 1690 1246 1721; x_wconf 88' lang='lat' dir='ltr'>at-</span> 
     </span>
     <span class='ocr_line' id='line_1_30' title="bbox 115 1734 1246 1787; baseline 0.002 -13"><span class='ocrx_word' id='word_1_212' title='bbox 115 1743 232 1783; x_wconf 87' lang='lat' dir='ltr'>tente,</span> <span class='ocrx_word' id='word_1_213' title='bbox 262 1749 286 1774; x_wconf 91' lang='grc'>3</span> <span class='ocrx_word' id='word_1_214' title='bbox 316 1737 429 1774; x_wconf 89' lang='lat' dir='ltr'>rebus</span> <span class='ocrx_word' id='word_1_215' title='bbox 458 1735 550 1787; x_wconf 88' lang='lat' dir='ltr'>ipsis</span> <span class='ocrx_word' id='word_1_216' title='bbox 582 1734 810 1773; x_wconf 85' lang='lat' dir='ltr'>ordiendum</span> <span class='ocrx_word' id='word_1_217' title='bbox 840 1743 907 1772; x_wconf 85' lang='lat' dir='ltr'>est.</span> <span class='ocrx_word' id='word_1_218' title='bbox 956 1735 1033 1774; x_wconf 84' lang='lat' dir='ltr'>Sed</span> <span class='ocrx_word' id='word_1_219' title='bbox 1061 1735 1246 1776; x_wconf 85' lang='lat' dir='ltr'>facillime</span> 
     </span>
     <span class='ocr_line' id='line_1_31' title="bbox 115 1789 1244 1852; baseline 0.001 -24"><span class='ocrx_word' id='word_1_220' title='bbox 115 1789 267 1828; x_wconf 87' lang='lat' dir='ltr'>auditor</span> <span class='ocrx_word' id='word_1_221' title='bbox 285 1790 408 1852; x_wconf 79' lang='lat' dir='ltr'>discit,</span> <span class='ocrx_word' id='word_1_222' title='bbox 430 1799 481 1837; x_wconf 86' lang='lat' dir='ltr'>et,</span> <span class='ocrx_word' id='word_1_223' title='bbox 502 1789 597 1841; x_wconf 89' lang='lat' dir='ltr'>quid</span> <span class='ocrx_word' id='word_1_224' title='bbox 616 1798 765 1841; x_wconf 86' lang='lat' dir='ltr'>agatur,</span> <span class='ocrx_word' id='word_1_225' title='bbox 786 1789 980 1840; x_wconf 65' lang='grc'>1010111811,</span> <span class='ocrx_word' id='word_1_226' title='bbox 1004 1789 1035 1828; x_wconf 86' lang='lat' dir='ltr'>si</span> <span class='ocrx_word' id='word_1_227' title='bbox 1054 1791 1244 1842; x_wconf 90' lang='lat' dir='ltr'>complec-</span> 
     </span>
     <span class='ocr_line' id='line_1_32' title="bbox 116 1844 1242 1905; baseline 0.002 -22"><span class='ocrx_word' id='word_1_228' title='bbox 116 1852 196 1883; x_wconf 83' lang='lat' dir='ltr'>tare</span> <span class='ocrx_word' id='word_1_229' title='bbox 209 1857 233 1882; x_wconf 90' lang='lat' dir='ltr'>a</span> <span class='ocrx_word' id='word_1_230' title='bbox 246 1844 432 1905; x_wconf 82' lang='lat' dir='ltr'>principio</span> <span class='ocrx_word' id='word_1_231' title='bbox 446 1857 568 1896; x_wconf 84' lang='lat' dir='ltr'>genus</span> <span class='ocrx_word' id='word_1_232' title='bbox 582 1854 759 1882; x_wconf 77' lang='lat' dir='ltr'>naturam</span> <span class='ocrx_word' id='word_1_233' title='bbox 763 1856 837 1895; x_wconf 87' lang='lat' dir='ltr'>que</span> <span class='ocrx_word' id='word_1_234' title='bbox 853 1857 998 1888; x_wconf 75' lang='lat' dir='ltr'>causae3</span> <span class='ocrx_word' id='word_1_235' title='bbox 1023 1844 1054 1882; x_wconf 89' lang='grc'>51</span> <span class='ocrx_word' id='word_1_236' title='bbox 1069 1844 1242 1894; x_wconf 81' lang='lat' dir='ltr'>definias,</span> 
     </span>
     <span class='ocr_line' id='line_1_33' title="bbox 117 1898 1244 1950; baseline 0.002 -13"><span class='ocrx_word' id='word_1_237' title='bbox 117 1899 149 1937; x_wconf 90' lang='lat' dir='ltr'>si</span> <span class='ocrx_word' id='word_1_238' title='bbox 167 1898 328 1949; x_wconf 83' lang='lat' dir='ltr'>dividas,</span> <span class='ocrx_word' id='word_1_239' title='bbox 349 1899 379 1936; x_wconf 87' lang='lat' dir='ltr'>si</span> <span class='ocrx_word' id='word_1_240' title='bbox 398 1911 524 1950; x_wconf 88' lang='lat' dir='ltr'>neque</span> <span class='ocrx_word' id='word_1_241' title='bbox 542 1899 786 1950; x_wconf 82' lang='lat' dir='ltr'>prudentiam</span> <span class='ocrx_word' id='word_1_242' title='bbox 808 1898 889 1947; x_wconf 84' lang='lat' dir='ltr'>ejus</span> <span class='ocrx_word' id='word_1_243' title='bbox 908 1898 1096 1948; x_wconf 85' lang='lat' dir='ltr'>impedias</span> <span class='ocrx_word' id='word_1_244' title='bbox 1109 1900 1244 1939; x_wconf 87' lang='lat' dir='ltr'>confu-</span> 
     </span>
     <span class='ocr_line' id='line_1_34' title="bbox 118 1929 1244 2006; baseline 0.001 -15"><span class='ocrx_word' id='word_1_245' title='bbox 118 1953 221 1992; x_wconf 88' lang='lat' dir='ltr'>sione</span> <span class='ocrx_word' id='word_1_246' title='bbox 238 1929 423 2004; x_wconf 66' lang='lat' dir='ltr'>part’ium,</span> <span class='ocrx_word' id='word_1_247' title='bbox 444 1965 512 1991; x_wconf 89' lang='lat' dir='ltr'>nec</span> <span class='ocrx_word' id='word_1_248' title='bbox 531 1953 759 1991; x_wconf 85' lang='lat' dir='ltr'>memoriam</span> <span class='ocrx_word' id='word_1_249' title='bbox 778 1952 1051 1990; x_wconf 81' lang='lat' dir='ltr'>multitudine:</span> <span class='ocrx_word' id='word_1_250' title='bbox 1080 1966 1244 2006; x_wconf 87' lang='lat' dir='ltr'>quaeque</span> 
     </span>
     <span class='ocr_line' id='line_1_35' title="bbox 116 2006 1242 2054; baseline 0.001 -8"><span class='ocrx_word' id='word_1_251' title='bbox 116 2020 210 2046; x_wconf 81' lang='lat' dir='ltr'>mox</span> <span class='ocrx_word' id='word_1_252' title='bbox 239 2007 287 2046; x_wconf 92' lang='lat' dir='ltr'>de</span> <span class='ocrx_word' id='word_1_253' title='bbox 312 2007 528 2046; x_wconf 75' lang='lat' dir='ltr'>narratione</span> <span class='ocrx_word' id='word_1_254' title='bbox 553 2007 722 2045; x_wconf 73' lang='lat' dir='ltr'>dilucida</span> <span class='ocrx_word' id='word_1_255' title='bbox 747 2006 935 2054; x_wconf 85' lang='lat' dir='ltr'>dicentur,</span> <span class='ocrx_word' id='word_1_256' title='bbox 965 2006 1098 2044; x_wconf 83' lang='lat' dir='ltr'>eadem</span> <span class='ocrx_word' id='word_1_257' title='bbox 1127 2009 1242 2047; x_wconf 86' lang='lat' dir='ltr'>etiam</span> 
     </span>
     <span class='ocr_line' id='line_1_36' title="bbox 117 2061 1243 2114; baseline 0.001 -14"><span class='ocrx_word' id='word_1_258' title='bbox 117 2062 193 2101; x_wconf 92' lang='lat' dir='ltr'>huc</span> <span class='ocrx_word' id='word_1_259' title='bbox 211 2070 391 2114; x_wconf 90' lang='lat' dir='ltr'>poterunt</span> <span class='ocrx_word' id='word_1_260' title='bbox 409 2069 508 2100; x_wconf 80' lang='lat' dir='ltr'>recte</span> <span class='ocrx_word' id='word_1_261' title='bbox 526 2061 668 2100; x_wconf 82' lang='lat' dir='ltr'>referri.</span> <span class='ocrx_word' id='word_1_262' title='bbox 709 2061 767 2101; x_wconf 85' lang='lat' dir='ltr'>Ut</span> <span class='ocrx_word' id='word_1_263' title='bbox 792 2068 935 2099; x_wconf 85' lang='lat' dir='ltr'>attente</span> <span class='ocrx_word' id='word_1_264' title='bbox 960 2068 1091 2099; x_wconf 84' lang='lat' dir='ltr'>autem</span> <span class='ocrx_word' id='word_1_265' title='bbox 1109 2063 1243 2101; x_wconf 90' lang='lat' dir='ltr'>audia-</span> 
     </span>
     <span class='ocr_line' id='line_1_37' title="bbox 117 2115 1244 2168; baseline 0.001 -14"><span class='ocrx_word' id='word_1_266' title='bbox 117 2129 220 2164; x_wconf 88' lang='lat' dir='ltr'>mur,</span> <span class='ocrx_word' id='word_1_267' title='bbox 249 2116 367 2154; x_wconf 89' lang='lat' dir='ltr'>trium</span> <span class='ocrx_word' id='word_1_268' title='bbox 395 2129 524 2155; x_wconf 89' lang='lat' dir='ltr'>rerum</span> <span class='ocrx_word' id='word_1_269' title='bbox 552 2116 684 2168; x_wconf 80' lang='grc'>3119113</span> <span class='ocrx_word' id='word_1_270' title='bbox 710 2127 998 2167; x_wconf 87' lang='lat' dir='ltr'>consequemur.</span> <span class='ocrx_word' id='word_1_271' title='bbox 1040 2115 1147 2154; x_wconf 86' lang='lat' dir='ltr'>Nam</span> <span class='ocrx_word' id='word_1_272' title='bbox 1175 2126 1244 2156; x_wconf 88' lang='lat' dir='ltr'>aut</span> 
     </span>
     <span class='ocr_line' id='line_1_38' title="bbox 115 2169 1244 2222; baseline -0.003 -14"><span class='ocrx_word' id='word_1_273' title='bbox 115 2183 258 2222; x_wconf 86' lang='lat' dir='ltr'>magna</span> <span class='ocrx_word' id='word_1_274' title='bbox 271 2169 448 2222; x_wconf 86' lang='lat' dir='ltr'>quaedam</span> <span class='ocrx_word' id='word_1_275' title='bbox 463 2183 738 2222; x_wconf 87' lang='lat' dir='ltr'>proponemus,</span> <span class='ocrx_word' id='word_1_276' title='bbox 747 2176 820 2209; x_wconf 87' lang='lat' dir='ltr'>aut</span> <span class='ocrx_word' id='word_1_277' title='bbox 832 2169 1054 2217; x_wconf 50' lang='grc'>0003653113,</span> <span class='ocrx_word' id='word_1_278' title='bbox 1072 2177 1139 2209; x_wconf 84' lang='lat' dir='ltr'>aut</span> <span class='ocrx_word' id='word_1_279' title='bbox 1153 2183 1244 2209; x_wconf 88' lang='grc'>000.</span> 
     </span>
     <span class='ocr_line' id='line_1_39' title="bbox 115 2223 1245 2277; baseline 0.002 -13"><span class='ocrx_word' id='word_1_280' title='bbox 115 2225 250 2275; x_wconf 81' lang='lat' dir='ltr'>juncta</span> <span class='ocrx_word' id='word_1_281' title='bbox 268 2237 358 2264; x_wconf 85' lang='lat' dir='ltr'>cum</span> <span class='ocrx_word' id='word_1_282' title='bbox 376 2224 482 2276; x_wconf 83' lang='lat' dir='ltr'>ipsis,</span> <span class='ocrx_word' id='word_1_283' title='bbox 510 2224 614 2277; x_wconf 91' lang='lat' dir='ltr'>apud</span> <span class='ocrx_word' id='word_1_284' title='bbox 641 2236 736 2276; x_wconf 84' lang='lat' dir='ltr'>quos</span> <span class='ocrx_word' id='word_1_285' title='bbox 761 2237 820 2263; x_wconf 85' lang='lat' dir='ltr'>res</span> <span class='ocrx_word' id='word_1_286' title='bbox 845 2230 989 2275; x_wconf 83' lang='lat' dir='ltr'>agetur.</span> <span class='ocrx_word' id='word_1_287' title='bbox 1033 2223 1091 2264; x_wconf 84' lang='lat' dir='ltr'>Sit</span> <span class='ocrx_word' id='word_1_288' title='bbox 1113 2232 1245 2266; x_wconf 80' lang='lat' dir='ltr'>autem</span> 
     </span>
    </p>
   </div>
  </div>
 </body>
</html>
