1456 2396
167 60 220 99 46
488 61 748 113 ORATOR,
778 63 884 102 cu.
905 63 970 104 49.

163 167 262 207 refer
279 168 329 208 ad
348 182 473 220 aures,
492 173 724 223 probabunt.
753 171 910 221 Quaere,
925 173 1020 210 cur?
1041 171 1097 210 ita
1109 183 1148 210 se
1165 169 1292 210 dicent

161 223 304 284 juvari.
342 224 548 278 Voluptati
579 233 709 265 autem
741 226 895 266 aurium
925 225 1148 278 morigerari
1178 225 1293 264 debet

166 284 299 316 oratlo.

221 331 330 379 Quin
360 345 431 384 ego
459 333 555 386 ipse,
586 347 677 373 cum
706 334 841 373 scirem
869 335 925 374 ita
952 335 1116 384 majores
1145 333 1293 372 locutos

165 398 259 435 esse,
279 394 324 424 ut
341 399 549 440 nusquam,
568 389 643 427 nisi
660 389 702 427 in
719 389 854 439 vocali,
874 388 1127 440 adspiratione
1140 395 1295 426 uteren-

168 446 245 489 tur,
279 440 465 492 loquebar
494 442 561 492 sic,
594 450 640 482 ut
667 445 841 495 pulcros,
879 445 1053 494 Cetegos,
1087 444 1292 492 triumpos,

170 495 436 545 Kartaginem
460 496 650 536 dicerem:
684 497 906 550 aliquando,
934 497 1052 548 idque
1078 509 1174 545 sero,
1203 508 1293 534 con-

169 547 267 587 vicio
292 549 446 589 aurium
471 563 561 589 cum
586 558 735 590 extorta
758 552 857 590 mihi
881 551 1017 590 veritas
1042 558 1152 599 esset,
1177 561 1295 588 usum

167 602 352 654 loquendi
377 605 520 656 populo
546 606 724 654 concessi,
751 605 948 645 scientiam
971 604 1070 644 mihi
1093 602 1294 643 reservavi.

174 657 354 696 Orcivios
372 666 515 708 tamen,
537 667 575 698 et
598 661 797 708 Matones,
821 661 976 708 otone-e,
999 660 1211 710 Caepiones,
1235 669 1294 695 se-

162 712 321 761 pulcra,
341 725 512 761 coronas,
534 716 726 765 lacrymas
746 714 923 764 dicimus,
944 713 1037 765 quia
1052 726 1122 765 per
1139 711 1294 750 aurium

165 764 359 814 judicium
396 780 545 819 semper
575 769 676 807 licet.
724 770 909 808 Parrum
943 781 1093 820 semper
1123 765 1293 815 Ennius,

171 831 375 872 nunquam
395 822 618 872 Pyrrhum.
662 824 712 862 Vi
730 824 999 875 pateficerunt
1016 824 1189 871 Bruges,
1216 833 1296 859 non

172 875 372 924 Phryges,
400 876 522 927 ipsius
549 877 698 929 antiqui
725 877 919 916 declarant
943 876 1034 915 libri
1049 890 1062 915 ε
1095 888 1166 914 nec
1192 874 1298 913 enim

173 926 351 967 Graecam
361 929 512 968 literam
525 931 779 978 adhibebant3
796 944 900 970 nunc
911 938 1041 970 autem
1053 929 1169 969 etiam
1180 929 1276 968 duas
1285 943 1297 967 ς

171 988 210 1020 et
229 995 318 1021 cum
338 985 567 1034 Phrygum,
588 992 626 1024 et
650 998 740 1024 cum
760 986 993 1036 Phrygibus
1013 983 1220 1023 dicendum
1239 996 1298 1021 ὅ·

171 1042 242 1084 set,
262 1038 473 1077 absurdum
493 1048 573 1077 erat
590 1047 658 1078 aut
671 1047 824 1078 tantum
838 1039 1009 1078 barbaris
1023 1038 1173 1078 casibus
1189 1037 1299 1075 Grae-

171 1102 258 1128 cam
284 1091 437 1130 literam
462 1093 656 1144 adhibere,
682 1101 750 1132 aut
774 1101 876 1133 recto
900 1106 989 1132 casu
1013 1093 1139 1132 solum
1166 1091 1300 1130 Graece

170 1143 294 1196 loqui,
315 1152 445 1184 tamen
464 1155 502 1185 et
521 1149 706 1198 Phryges
724 1156 762 1187 et
781 1149 991 1199 Pyrrhum
1012 1146 1166 1185 aurium
1184 1145 1301 1184 causa

172 1198 348 1238 dicimus.
376 1200 616 1250 Quinetiam,
634 1202 755 1253 (quod
766 1203 848 1252 jam
863 1201 1121 1241 subrusticum
1135 1200 1299 1248 videtur,

173 1252 268 1290 olim
287 1260 417 1292 autem
435 1255 608 1306 politius)
636 1269 768 1294 eorum
794 1258 1012 1305 verborum,
1039 1267 1206 1307 quorum
1228 1267 1302 1292 eae-

173 1305 264 1344 dem
283 1316 391 1346 erant
407 1317 610 1359 postremae
628 1310 715 1349 duae
739 1311 872 1358 literae,
900 1323 988 1362 quae
1012 1316 1102 1348 sunt
1125 1309 1168 1347 in
1191 1313 1303 1358 optu-

172 1373 275 1409 mus,
308 1372 542 1412 postremam
574 1364 725 1403 literam
757 1364 1021 1413 detrahebant,
1055 1362 1130 1402 nisi
1161 1362 1302 1402 vocalis

174 1415 456 1466 insequebatur.
487 1417 551 1456 Ita
569 1430 646 1456 non
662 1425 742 1456 erat
755 1418 913 1457 offensio
927 1418 967 1456 in
983 1417 1167 1465 versibus,
1183 1429 1303 1468 quam

175 1481 280 1507 nunc
307 1469 465 1521 fugiunt
494 1472 618 1522 po'e'tae
647 1472 749 1511 noxi.
796 1473 861 1511 Ita
889 1471 993 1511 enim
1021 1472 1300 1524 loquebamur:

181 1523 259 1568 Qui
285 1528 342 1561 cst
363 1526 531 1562 omnibu'
546 1528 744 1578 prinecps,
772 1539 867 1577 non,
893 1527 1068 1564 omnibus
1086 1527 1299 1576 princeps.-

177 1584 230 1623 et,
259 1577 351 1616 Vita
372 1577 442 1615 illei
461 1580 614 1630 dignu',
643 1582 807 1632 locoque,
833 1592 912 1619 non
937 1581 1093 1631 dign-us.
1133 1578 1252 1626 Quod
1271 1578 1303 1616 si

177 1630 331 1670 indocta
349 1633 581 1672 consuetudo
599 1642 680 1672 tam
699 1643 755 1673 est
768 1633 906 1673 artifex
919 1633 1130 1681 suavitatis,
1145 1631 1242 1684 quid
1254 1633 1304 1671 ab

178 1684 265 1736 ipsa
282 1685 438 1724 tandem
457 1694 538 1726 arte
557 1696 593 1726 et
612 1688 784 1728 doctrina
801 1688 986 1740 postulari
1002 1688 1215 1740 putamus?

234 1738 334 1778 Haec
360 1740 443 1778 dixi
469 1742 636 1790 brevius,
663 1756 782 1794 quam
801 1743 834 1781 si
857 1743 929 1782 hac
949 1741 998 1781 de
1015 1754 1057 1780 re
1074 1741 1155 1779 una
1172 1740 1305 1792 dispu-

178 1798 329 1840 tarem;
365 1797 437 1838 (est
463 1795 567 1833 enim
595 1796 658 1835 hic
684 1798 790 1835 locus
817 1797 894 1835 late
915 1803 1065 1848 patenS,
1091 1795 1140 1834 de
1166 1793 1306 1832 natura

179 1859 331 1898 usuque
363 1850 584 1899 verborum)
615 1851 769 1903 longius
801 1861 946 1900 autem,
980 1862 1099 1903 quam
1130 1848 1307 1888 instituta

181 1901 279 1940 ratio
297 1903 527 1953 postulabat.

234 1954 395 1995 XLIX.
425 1957 515 2005 Sed,
543 1957 635 2009 quia
658 1971 788 1997 rerum
813 1959 1093 2010 verborumque
1115 1955 1306 2007 judicium

179 2009 393 2060 prudentiae
421 2018 503 2058 θεῖς
537 2024 674 2050 vocum
705 2021 835 2051 autem
860 2020 900 2052 et
923 2024 1174 2050 numerorum
1198 2023 1308 2048 aures

182 2070 274 2101 sunt
296 2064 470 2113 judices;
505 2073 556 2113 et,
587 2066 692 2117 quod
719 2067 788 2105 illa
813 2066 864 2106 ad
889 2065 1185 2118 intelligentiam
1211 2063 1308 2102 refe-

182 2123 335 2168 runtur,
354 2118 437 2160 haec
454 2118 503 2159 ad
521 2119 785 2172 voluptate-1113
815 2121 856 2161 in
874 2121 951 2162 illis
969 2121 1065 2160 ratio
1087 2117 1247 2168 invenit,
1266 2117 1308 2156 in
