1456 2396
237 105 313 144 156
353 105 437 143 AD
467 105 848 157 HERENNIUM,
865 106 966 146 11112.
984 107 1018 146 Ι.
1035 106 1141 147 CAP.
1159 108 1223 154 17.

232 208 451 263 perverterit
469 213 739 254 defensionem.
780 214 888 266 Ergo
913 215 1021 254 affert
1046 221 1145 264 eam,
1164 229 1252 268 quae
1276 215 1349 254 nisi

231 266 490 316 intercederet,
511 282 559 307 ne
577 282 690 308 causa
712 269 868 321 quidem
891 276 996 308 esset.
1046 271 1075 292 “
1095 270 1172 308 Illa
1198 269 1345 316 enim,”

229 319 369 371 inquit,
386 324 413 344 “
429 330 576 373 patrem
588 336 719 361 meum
735 323 959 361 occiderat.”
988 323 1094 374 Ergo
1109 326 1169 366 (ut
1183 323 1346 371 ostendi)

233 374 329 412 ratio
349 388 392 413 ea
411 383 478 423 est,
500 390 586 427 quae
606 377 770 415 continet
799 377 1073 424 defensionem,
1094 377 1174 415 sine
1192 377 1271 428 qu‘ffa
1298 389 1348 414 ne

231 440 349 478 parva
361 429 516 480 quidem
528 431 714 469 dubitatio
725 438 847 482 potest
858 430 1039 468 remorari
1050 430 1347 469 damnationem.

234 481 399 520 Inventa
426 484 584 531 ratione,
605 485 891 523 firmamentum
919 484 1168 536 quaerendum
1197 491 1278 530 est;
1306 484 1348 522 id

235 542 303 583 est,
332 536 436 588 quod
461 538 626 577 continet
648 539 938 587 accusationem,
964 537 1068 589 quod
1086 537 1241 576 affertur
1258 550 1347 576 con-

232 595 292 626 tra
309 590 495 629 rationem
509 592 749 642 defensionis,
770 592 816 630 de
835 592 913 643 qua
932 599 1019 630 ante
1037 591 1183 629 dictum
1201 599 1267 630 est.
1298 591 1348 629 Id

232 644 480 683 constituetur
497 646 569 684 hoc
587 646 725 685 modo:
758 646 859 684 Cum
878 659 970 684 usus
988 645 1104 683 fuerit
1122 645 1276 684 Orestes
1286 658 1348 683 ra-

231 696 347 746 tione,
377 698 448 737 hoc
475 708 599 750 pacto,
623 702 651 722 ‘⁶
670 701 769 738 Jure
796 700 940 745 occidi;
970 698 1038 737 illa
1066 699 1170 737 enim
1197 706 1348 750 patrem

230 761 363 789 meum
382 753 566 791 occiderat
583 755 624 799 ;”
653 762 782 792 utetur
796 760 988 792 accusator
1006 753 1261 801 firmamento,
1275 752 1348 791 hoc

230 812 367 854 pacto=
401 808 428 829 “
449 807 525 845 Sed
543 820 619 846 non
639 810 705 846 abs
725 814 761 845 te
780 807 912 855 occidi,
933 819 1059 857 neque
1082 806 1346 845 indemnatam

229 870 358 908 poenas
376 861 554 910 pendere,
575 861 783 912 oportuit.'’
813 861 877 899 Ex
889 860 1033 898 ratione
1053 859 1295 908 defensionis,
1309 867 1347 898 et

232 924 279 949 ex
298 913 540 952 firmamento
559 915 818 963 accusationis,
836 914 971 964 judicii
994 914 1153 965 quaetio
1173 920 1350 952 nascatur

229 973 375 1016 oportet
389 981 400 1013 3
415 981 532 1018 quam
545 981 612 1007 nos
620 969 908 1018 judicationem,
923 967 1049 1006 Graeci
1063 974 1264 1017 Κρινομενον
1279 980 1348 1018 ap—

227 1019 383 1069 pellant.
413 1021 475 1059 Ea
493 1023 740 1061 constituetur
759 1035 806 1060 ex
825 1021 1090 1071 conjunctione
1114 1020 1347 1059 firmamenti

228 1079 266 1110 et
284 1074 437 1113 rationis
457 1075 686 1123 defensione,
707 1076 779 1114 hoc
803 1075 943 1114 modo:
974 1074 1078 1113 Cum
1103 1074 1205 1112 dicat
1229 1073 1347 1112 Ores-

226 1133 296 1173 tes,
318 1141 357 1166 se
375 1129 492 1180 patris
510 1130 715 1168 ulciscendi
734 1130 847 1167 causa
865 1136 1029 1167 matrem
1047 1127 1238 1176 occidisse,
1267 1140 1347 1166 rec-

226 1186 360 1219 tumne
388 1183 516 1230 fuerit,
547 1196 570 1220 a
596 1184 690 1231 filio,
720 1183 800 1221 sine
824 1182 982 1232 judicio,
1011 1181 1345 1233 Clytaenmestram

227 1235 345 1272 occidi
360 1238 376 1274 Ρ
406 1236 512 1287 Ergo
530 1237 602 1275 hac
620 1238 764 1275 ratione
779 1236 1055 1286 judicationem
1072 1235 1235 1285 reperire
1253 1247 1344 1272 con-

227 1288 342 1327 venit.
392 1290 560 1342 Reperta
583 1290 828 1340 judicatione,
849 1302 1005 1328 omnem
1023 1289 1210 1327 rationem
1229 1288 1345 1326 totius

227 1343 405 1381 orationis
424 1357 468 1382 eo
487 1344 648 1382 conferri
663 1344 862 1396 oportebit.

274 1396 416 1435 XVII.
448 1399 497 1436 In
530 1399 708 1437 omnibus
741 1397 1073 1437 constitutionibus
1102 1402 1140 1435 et
1166 1396 1340 1448 partibus

220 1450 546 1500 constitutionum,
584 1452 657 1491 hac
692 1452 755 1491 via
795 1451 1047 1502 judicationes
1091 1451 1340 1502 reperientur,

224 1511 477 1556 praeterquam
496 1506 537 1543 in
557 1506 800 1556 conjecturali
820 1505 1097 1544 constitutione.
1128 1505 1236 1543 Nam
1248 1504 1288 1542 in
1301 1503 1346 1542 ea

226 1568 296 1595 nec
314 1560 423 1608 ratio,
445 1573 562 1611 quare
580 1560 722 1609 fecerit,
751 1560 957 1612 quaeritur;
987 1559 1121 1598 fecisse
1147 1559 1251 1596 enim
1276 1570 1343 1595 ne-

224 1618 359 1661 gatur:
390 1626 459 1651 nec
484 1614 771 1653 firmamentum
799 1612 1025 1665 exquiritur,
1053 1612 1236 1664 quoniam
1263 1623 1343 1649 non

226 1667 353 1703 subest
371 1668 477 1705 ratio.
508 1668 639 1716 Quare
654 1682 701 1707 ex
719 1668 929 1706 intentione
943 1674 980 1704 et
992 1666 1222 1704 inficiatione
1236 1664 1343 1715 judi-

225 1718 321 1757 catio
347 1721 600 1771 constituitur,
625 1723 698 1761 hoc
722 1721 862 1760 modo:
893 1721 1076 1768 Intentio,
1110 1721 1139 1742 “
1158 1718 1343 1758 Occidisti

223 1771 431 1822 Ajacem.'’
462 1775 667 1825 Inficiatio,
689 1778 718 1799 “
739 1777 832 1815 Non
844 1774 1006 1814 occidi.”
1034 1773 1246 1822 Judicatio,
1263 1772 1343 1811 Oc-

226 1825 405 1866 cideritne
420 1831 437 1867 ,⁹
485 1830 600 1868 Ratio
618 1830 742 1870 omnis
760 1829 959 1881 utriusque
977 1827 1171 1874 orationis,
1191 1833 1236 1864 ut
1255 1832 1344 1864 ante

223 1878 369 1919 dictum
388 1889 456 1930 est,
476 1883 525 1921 ad
539 1884 637 1923 hanc
652 1884 927 1934 judicationem
945 1881 1171 1921 conferenda
1188 1887 1255 1918 est.
1299 1879 1342 1918 Si

223 1933 352 1984 plures
382 1944 492 1974 erunt
520 1939 818 1986 constitutiones,
849 1945 917 1976 aut
946 1943 1071 1988 partoe
1104 1933 1341 1974 constitutio-

220 1998 331 2036 num,
357 1989 605 2038 judicationes
632 2005 785 2044 quoque
801 1991 933 2043 plures
951 1997 1062 2029 erunt
1079 1988 1121 2027 in
1139 1988 1220 2026 una
1249 1999 1339 2025 cau-

219 2040 262 2078 s‘a
279 2055 289 2078 :
321 2042 386 2080 sed
405 2056 535 2083 omnes
554 2045 670 2084 simili
687 2046 832 2084 ratione
842 2045 1087 2096 reperientur.
1117 2041 1259 2081 Sedulo
1271 2040 1339 2078 de·

224 2093 352 2134 dimus
370 2109 539 2148 operam,
559 2106 603 2137 ut
620 2100 782 2138 breviter
800 2106 838 2137 et
855 2098 1034 2146 dilucide,
1055 2097 1195 2149 quibus
1214 2094 1262 2132 de
1279 2106 1338 2132 re-

223 2149 297 2188 bus
321 2149 447 2191 adhuc
470 2152 674 2193 dicendum
701 2153 800 2203 fuit,
813 2153 1034 2193 diceremus.
1083 2151 1215 2200 Nunc,
1243 2159 1338 2200 quo-
