<?xml version="1.0" encoding="UTF-8"?>
<!DOCTYPE html PUBLIC "-//W3C//DTD XHTML 1.0 Transitional//EN"
    "http://www.w3.org/TR/xhtml1/DTD/xhtml1-transitional.dtd">
<html xmlns="http://www.w3.org/1999/xhtml" xml:lang="en" lang="en">
 <head>
  <title>
</title>
<meta http-equiv="Content-Type" content="text/html;charset=utf-8" />
  <meta name='ocr-system' content='tesseract 3.04.00' />
  <meta name='ocr-capabilities' content='ocr_page ocr_carea ocr_par ocr_line ocrx_word'/>
</head>
<body>
  <div class='ocr_page' id='page_1' title='image "./operaern02ciceuoft_0061.png"; bbox 0 0 1456 2396; ppageno 0'>
   <div class='ocr_carea' id='block_1_1' title="bbox 463 91 1280 143">
    <p class='ocr_par' dir='ltr' id='par_1_1' title="bbox 463 91 1280 143">
     <span class='ocr_line' id='line_1_1' title="bbox 463 91 1280 143; baseline 0 -8"><span class='ocrx_word' id='word_1_1' title='bbox 463 94 727 143; x_wconf 82' lang='lat' dir='ltr'>ORATOR,</span> <span class='ocrx_word' id='word_1_2' title='bbox 758 94 864 133; x_wconf 70' lang='lat' dir='ltr'>CAP.</span> <span class='ocrx_word' id='word_1_3' title='bbox 887 96 952 135; x_wconf 85' lang='grc'>49.</span> <span class='ocrx_word' id='word_1_4' title='bbox 1225 91 1280 135; x_wconf 84' lang='grc'>47</span> 
     </span>
    </p>
   </div>
   <div class='ocr_carea' id='block_1_2' title="bbox 146 199 1287 2156">
    <p class='ocr_par' dir='ltr' id='par_1_2' title="bbox 148 199 1280 365">
     <span class='ocr_line' id='line_1_2' title="bbox 148 199 1280 255; baseline -0.004 -13"><span class='ocrx_word' id='word_1_5' title='bbox 148 203 210 242; x_wconf 86' lang='grc'><strong>1113</strong></span> <span class='ocrx_word' id='word_1_6' title='bbox 235 215 380 254; x_wconf 69' lang='grc'><strong>33113113,</strong></span> <span class='ocrx_word' id='word_1_7' title='bbox 409 210 543 244; x_wconf 87' lang='lat' dir='ltr'>artem.</span> <span class='ocrx_word' id='word_1_8' title='bbox 571 204 660 242; x_wconf 86' lang='lat' dir='ltr'>Aut</span> <span class='ocrx_word' id='word_1_9' title='bbox 685 203 788 243; x_wconf 87' lang='lat' dir='ltr'>enim</span> <span class='ocrx_word' id='word_1_10' title='bbox 812 201 1044 255; x_wconf 81' lang='lat' dir='ltr'>negligenda</span> <span class='ocrx_word' id='word_1_11' title='bbox 1070 200 1182 240; x_wconf 90' lang='lat' dir='ltr'>nobis</span> <span class='ocrx_word' id='word_1_12' title='bbox 1204 199 1280 238; x_wconf 85' lang='lat' dir='ltr'>fuit</span> 
     </span>
     <span class='ocr_line' id='line_1_3' title="bbox 149 258 1280 311; baseline -0.004 -14"><span class='ocrx_word' id='word_1_13' title='bbox 149 258 325 310; x_wconf 76' lang='lat' dir='ltr'>voluptas</span> <span class='ocrx_word' id='word_1_14' title='bbox 344 272 491 308; x_wconf 91' lang='lat' dir='ltr'>eorum,</span> <span class='ocrx_word' id='word_1_15' title='bbox 515 259 657 311; x_wconf 90' lang='lat' dir='ltr'>quibus</span> <span class='ocrx_word' id='word_1_16' title='bbox 683 258 837 310; x_wconf 90' lang='lat' dir='ltr'>probari</span> <span class='ocrx_word' id='word_1_17' title='bbox 862 259 1099 304; x_wconf 86' lang='lat' dir='ltr'>volebamus,</span> <span class='ocrx_word' id='word_1_18' title='bbox 1127 263 1194 295; x_wconf 86' lang='lat' dir='ltr'>aut</span> <span class='ocrx_word' id='word_1_19' title='bbox 1219 267 1280 294; x_wconf 87' lang='lat' dir='ltr'>ars</span> 
     </span>
     <span class='ocr_line' id='line_1_4' title="bbox 149 313 746 365; baseline 0.002 -15"><span class='ocrx_word' id='word_1_20' title='bbox 149 313 232 363; x_wconf 86' lang='lat' dir='ltr'>ejus</span> <span class='ocrx_word' id='word_1_21' title='bbox 250 313 495 352; x_wconf 86' lang='lat' dir='ltr'>conciliandae</span> <span class='ocrx_word' id='word_1_22' title='bbox 513 313 746 365; x_wconf 88' lang='lat' dir='ltr'>reperienda.</span> 
     </span>
    </p>

    <p class='ocr_par' dir='ltr' id='par_1_3' title="bbox 146 366 1285 1167">
     <span class='ocr_line' id='line_1_5' title="bbox 204 366 1279 419; baseline -0.005 -13"><span class='ocrx_word' id='word_1_23' title='bbox 204 366 306 406; x_wconf 88' lang='lat' dir='ltr'>Duae</span> <span class='ocrx_word' id='word_1_24' title='bbox 320 375 410 406; x_wconf 88' lang='lat' dir='ltr'>sunt</span> <span class='ocrx_word' id='word_1_25' title='bbox 424 368 542 419; x_wconf 88' lang='lat' dir='ltr'>igitur</span> <span class='ocrx_word' id='word_1_26' title='bbox 556 381 628 415; x_wconf 89' lang='lat' dir='ltr'>res,</span> <span class='ocrx_word' id='word_1_27' title='bbox 642 381 730 419; x_wconf 87' lang='lat' dir='ltr'>quae</span> <span class='ocrx_word' id='word_1_28' title='bbox 744 366 1007 419; x_wconf 86' lang='lat' dir='ltr'><strong>permulceant</strong></span> <span class='ocrx_word' id='word_1_29' title='bbox 1023 378 1146 413; x_wconf 87' lang='lat' dir='ltr'>aures,</span> <span class='ocrx_word' id='word_1_30' title='bbox 1164 377 1279 402; x_wconf 77' lang='lat' dir='ltr'>sonus</span> 
     </span>
     <span class='ocr_line' id='line_1_6' title="bbox 151 418 1280 471; baseline -0.003 -12"><span class='ocrx_word' id='word_1_31' title='bbox 151 428 189 460; x_wconf 88' lang='lat' dir='ltr'>et</span> <span class='ocrx_word' id='word_1_32' title='bbox 207 435 403 460; x_wconf 77' lang='lat' dir='ltr'>numerus.</span> <span class='ocrx_word' id='word_1_33' title='bbox 437 423 501 461; x_wconf 94' lang='lat' dir='ltr'>De</span> <span class='ocrx_word' id='word_1_34' title='bbox 520 434 681 460; x_wconf 89' lang='lat' dir='ltr'>numero</span> <span class='ocrx_word' id='word_1_35' title='bbox 700 434 808 468; x_wconf 79' lang='lat' dir='ltr'>mox,</span> <span class='ocrx_word' id='word_1_36' title='bbox 829 433 933 459; x_wconf 91' lang='lat' dir='ltr'>nunc</span> <span class='ocrx_word' id='word_1_37' title='bbox 952 420 999 458; x_wconf 91' lang='lat' dir='ltr'>de</span> <span class='ocrx_word' id='word_1_38' title='bbox 1022 433 1114 459; x_wconf 90' lang='lat' dir='ltr'>sono</span> <span class='ocrx_word' id='word_1_39' title='bbox 1141 418 1280 471; x_wconf 83' lang='lat' dir='ltr'>quaeri-</span> 
     </span>
     <span class='ocr_line' id='line_1_7' title="bbox 151 473 1281 538; baseline -0.003 -24"><span class='ocrx_word' id='word_1_40' title='bbox 151 487 252 514; x_wconf 88' lang='lat' dir='ltr'>mus.</span> <span class='ocrx_word' id='word_1_41' title='bbox 288 476 420 515; x_wconf 88' lang='lat' dir='ltr'>Verba</span> <span class='ocrx_word' id='word_1_42' title='bbox 445 479 507 521; x_wconf 88' lang='lat' dir='ltr'>(ut</span> <span class='ocrx_word' id='word_1_43' title='bbox 532 489 647 538; x_wconf 82' lang='lat' dir='ltr'>supra</span> <span class='ocrx_word' id='word_1_44' title='bbox 669 476 856 523; x_wconf 76' lang='lat' dir='ltr'>diximus)</span> <span class='ocrx_word' id='word_1_45' title='bbox 874 475 1037 526; x_wconf 87' lang='lat' dir='ltr'>legenda</span> <span class='ocrx_word' id='word_1_46' title='bbox 1056 482 1145 513; x_wconf 84' lang='lat' dir='ltr'>sunt</span> <span class='ocrx_word' id='word_1_47' title='bbox 1164 473 1281 535; x_wconf 82' lang='lat' dir='ltr'>potis-</span> 
     </span>
     <span class='ocr_line' id='line_1_8' title="bbox 150 527 1282 581; baseline -0.003 -13"><span class='ocrx_word' id='word_1_48' title='bbox 150 529 292 568; x_wconf 89' lang='lat' dir='ltr'>simum</span> <span class='ocrx_word' id='word_1_49' title='bbox 306 532 404 570; x_wconf 91' lang='lat' dir='ltr'>bene</span> <span class='ocrx_word' id='word_1_50' title='bbox 419 531 606 579; x_wconf 81' lang='lat' dir='ltr'>sonantia,</span> <span class='ocrx_word' id='word_1_51' title='bbox 623 530 688 569; x_wconf 89' lang='lat' dir='ltr'>sed</span> <span class='ocrx_word' id='word_1_52' title='bbox 708 544 751 569; x_wconf 89' lang='lat' dir='ltr'>ea</span> <span class='ocrx_word' id='word_1_53' title='bbox 770 543 862 575; x_wconf 92' lang='lat' dir='ltr'>non,</span> <span class='ocrx_word' id='word_1_54' title='bbox 878 537 923 568; x_wconf 85' lang='lat' dir='ltr'>ut</span> <span class='ocrx_word' id='word_1_55' title='bbox 937 530 1074 581; x_wconf 82' lang='lat' dir='ltr'>po&#39;e&#39;tae,</span> <span class='ocrx_word' id='word_1_56' title='bbox 1092 527 1282 579; x_wconf 82' lang='lat' dir='ltr'>exquisita</span> 
     </span>
     <span class='ocr_line' id='line_1_9' title="bbox 150 584 1281 634; baseline -0.003 -12"><span class='ocrx_word' id='word_1_57' title='bbox 150 584 200 622; x_wconf 85' lang='lat' dir='ltr'>ad</span> <span class='ocrx_word' id='word_1_58' title='bbox 214 597 366 634; x_wconf 90' lang='lat' dir='ltr'>sonum,</span> <span class='ocrx_word' id='word_1_59' title='bbox 383 585 449 624; x_wconf 89' lang='lat' dir='ltr'>sed</span> <span class='ocrx_word' id='word_1_60' title='bbox 463 594 592 624; x_wconf 79' lang='lat' dir='ltr'>sumta</span> <span class='ocrx_word' id='word_1_61' title='bbox 605 585 652 624; x_wconf 89' lang='lat' dir='ltr'>de</span> <span class='ocrx_word' id='word_1_62' title='bbox 666 585 806 624; x_wconf 88' lang='lat' dir='ltr'>medio.</span> <span class='ocrx_word' id='word_1_63' title='bbox 835 584 924 630; x_wconf 63' lang='lat' dir='ltr'>Qua</span> <span class='ocrx_word' id='word_1_64' title='bbox 938 588 1059 634; x_wconf 79' lang='lat' dir='ltr'>ponto</span> <span class='ocrx_word' id='word_1_65' title='bbox 1071 585 1116 620; x_wconf 80' lang='lat' dir='ltr'>ab</span> <span class='ocrx_word' id='word_1_66' title='bbox 1130 584 1179 621; x_wconf 92' lang='lat' dir='ltr'><em>H</em></span> <span class='ocrx_word' id='word_1_67' title='bbox 1179 599 1192 620; x_wconf 68' lang='grc' dir='ltr'>ι</span> <span class='ocrx_word' id='word_1_68' title='bbox 1190 584 1281 630; x_wconf 73' lang='lat' dir='ltr'>Hcs,</span> 
     </span>
     <span class='ocr_line' id='line_1_10' title="bbox 154 639 1280 690; baseline -0.004 -13"><span class='ocrx_word' id='word_1_69' title='bbox 154 647 308 690; x_wconf 86' lang='lat' dir='ltr'>superat</span> <span class='ocrx_word' id='word_1_70' title='bbox 343 640 505 679; x_wconf 87' lang='lat' dir='ltr'>modum</span> <span class='ocrx_word' id='word_1_71' title='bbox 522 655 533 679; x_wconf 75' lang='grc' dir='ltr'><strong><em>ε</em></strong></span> <span class='ocrx_word' id='word_1_72' title='bbox 578 647 631 689; x_wconf 90' lang='lat' dir='ltr'>at,</span> <span class='ocrx_word' id='word_1_73' title='bbox 670 640 852 677; x_wconf 69' lang='lat' dir='ltr'>Amaras</span> <span class='ocrx_word' id='word_1_74' title='bbox 890 641 992 677; x_wconf 74' lang='lat' dir='ltr'>aries</span> <span class='ocrx_word' id='word_1_75' title='bbox 1034 639 1280 683; x_wconf 78' lang='lat' dir='ltr'><em>Colchorum,</em></span> 
     </span>
     <span class='ocr_line' id='line_1_11' title="bbox 151 691 1283 744; baseline -0.003 -13"><span class='ocrx_word' id='word_1_76' title='bbox 151 693 358 744; x_wconf 78' lang='lat' dir='ltr'>splendidis</span> <span class='ocrx_word' id='word_1_77' title='bbox 390 694 613 733; x_wconf 87' lang='lat' dir='ltr'>nominibus</span> <span class='ocrx_word' id='word_1_78' title='bbox 650 694 893 732; x_wconf 80' lang='lat' dir='ltr'>illuminatus</span> <span class='ocrx_word' id='word_1_79' title='bbox 926 700 982 732; x_wconf 86' lang='lat' dir='ltr'>est</span> <span class='ocrx_word' id='word_1_80' title='bbox 1014 705 1144 731; x_wconf 80' lang='lat' dir='ltr'>versus</span> <span class='ocrx_word' id='word_1_81' title='bbox 1161 706 1171 730; x_wconf 69' lang='grc' dir='ltr'><strong><em>ι</em></strong></span> <span class='ocrx_word' id='word_1_82' title='bbox 1216 691 1283 729; x_wconf 90' lang='lat' dir='ltr'>sed</span> 
     </span>
     <span class='ocr_line' id='line_1_12' title="bbox 150 747 1284 800; baseline -0.004 -14"><span class='ocrx_word' id='word_1_83' title='bbox 150 748 350 799; x_wconf 82' lang='lat' dir='ltr'>proximus</span> <span class='ocrx_word' id='word_1_84' title='bbox 363 748 586 800; x_wconf 89' lang='lat' dir='ltr'>inquinatus</span> <span class='ocrx_word' id='word_1_85' title='bbox 601 748 869 787; x_wconf 83' lang='lat' dir='ltr'>insuavissima</span> <span class='ocrx_word' id='word_1_86' title='bbox 882 748 994 787; x_wconf 67' lang='lat' dir='ltr'>litera</span> <span class='ocrx_word' id='word_1_87' title='bbox 1012 747 1158 795; x_wconf 88' lang='lat' dir='ltr'>finitus,</span> <span class='ocrx_word' id='word_1_88' title='bbox 1173 747 1284 784; x_wconf 78' lang='lat' dir='ltr'>Fru-</span> 
     </span>
     <span class='ocr_line' id='line_1_13' title="bbox 146 800 1284 855; baseline -0.003 -15"><span class='ocrx_word' id='word_1_89' title='bbox 146 803 282 854; x_wconf 66' lang='lat' dir='ltr'>gisem</span> <span class='ocrx_word' id='word_1_90' title='bbox 310 808 348 842; x_wconf 82' lang='lat' dir='ltr'>et</span> <span class='ocrx_word' id='word_1_91' title='bbox 365 805 480 855; x_wconf 69' lang='lat' dir='ltr'>fitia</span> <span class='ocrx_word' id='word_1_92' title='bbox 504 817 570 842; x_wconf 69' lang='lat' dir='ltr'>art</span> <span class='ocrx_word' id='word_1_93' title='bbox 571 817 602 841; x_wconf 88' lang='grc' dir='ltr'><em>α</em></span> <span class='ocrx_word' id='word_1_94' title='bbox 632 804 742 842; x_wconf 78' lang='lat' dir='ltr'>Asiae</span> <span class='ocrx_word' id='word_1_95' title='bbox 772 807 885 841; x_wconf 76' lang='lat' dir='ltr'>tenet.</span> <span class='ocrx_word' id='word_1_96' title='bbox 943 802 1076 851; x_wconf 85' lang='lat' dir='ltr'>Quare</span> <span class='ocrx_word' id='word_1_97' title='bbox 1112 800 1284 839; x_wconf 87' lang='lat' dir='ltr'>bonitate</span> 
     </span>
     <span class='ocr_line' id='line_1_14' title="bbox 150 854 1285 909; baseline -0.004 -14"><span class='ocrx_word' id='word_1_98' title='bbox 150 857 277 907; x_wconf 90' lang='lat' dir='ltr'>potius</span> <span class='ocrx_word' id='word_1_99' title='bbox 295 866 513 897; x_wconf 90' lang='lat' dir='ltr'>nostrorum</span> <span class='ocrx_word' id='word_1_100' title='bbox 528 860 733 897; x_wconf 86' lang='lat' dir='ltr'>verborum</span> <span class='ocrx_word' id='word_1_101' title='bbox 751 865 922 905; x_wconf 86' lang='lat' dir='ltr'>utamur,</span> <span class='ocrx_word' id='word_1_102' title='bbox 944 870 1063 909; x_wconf 90' lang='lat' dir='ltr'>quam</span> <span class='ocrx_word' id='word_1_103' title='bbox 1083 854 1285 908; x_wconf 85' lang='lat' dir='ltr'>splendore</span> 
     </span>
     <span class='ocr_line' id='line_1_15' title="bbox 152 910 1282 964; baseline -0.003 -15"><span class='ocrx_word' id='word_1_104' title='bbox 152 910 391 961; x_wconf 81' lang='lat' dir='ltr'>Graecorum,</span> <span class='ocrx_word' id='word_1_105' title='bbox 411 912 485 951; x_wconf 91' lang='lat' dir='ltr'>nisi</span> <span class='ocrx_word' id='word_1_106' title='bbox 502 912 600 951; x_wconf 89' lang='lat' dir='ltr'>forte</span> <span class='ocrx_word' id='word_1_107' title='bbox 618 912 671 951; x_wconf 87' lang='lat' dir='ltr'>sic</span> <span class='ocrx_word' id='word_1_108' title='bbox 689 912 796 964; x_wconf 87' lang='lat' dir='ltr'>loqui</span> <span class='ocrx_word' id='word_1_109' title='bbox 814 911 986 964; x_wconf 85' lang='lat' dir='ltr'>poenitet,</span> <span class='ocrx_word' id='word_1_110' title='bbox 1012 910 1100 957; x_wconf 65' lang='lat' dir='ltr'>Qua</span> <span class='ocrx_word' id='word_1_111' title='bbox 1122 915 1282 960; x_wconf 77' lang='lat' dir='ltr'>tempes-</span> 
     </span>
     <span class='ocr_line' id='line_1_16' title="bbox 153 965 1284 1019; baseline -0.001 -17"><span class='ocrx_word' id='word_1_112' title='bbox 153 969 230 1004; x_wconf 80' lang='lat' dir='ltr'>tate</span> <span class='ocrx_word' id='word_1_113' title='bbox 248 967 373 1005; x_wconf 75' lang='lat' dir='ltr'>Paris</span> <span class='ocrx_word' id='word_1_114' title='bbox 391 968 601 1013; x_wconf 78' lang='lat' dir='ltr'>Helenam,</span> <span class='ocrx_word' id='word_1_115' title='bbox 624 974 661 1006; x_wconf 86' lang='lat' dir='ltr'>et</span> <span class='ocrx_word' id='word_1_116' title='bbox 680 980 767 1019; x_wconf 88' lang='lat' dir='ltr'>quae</span> <span class='ocrx_word' id='word_1_117' title='bbox 786 974 1013 1018; x_wconf 84' lang='lat' dir='ltr'>sequuntur.</span> <span class='ocrx_word' id='word_1_118' title='bbox 1043 965 1174 1004; x_wconf 90' lang='lat' dir='ltr'>Immo</span> <span class='ocrx_word' id='word_1_119' title='bbox 1194 976 1284 1003; x_wconf 82' lang='lat' dir='ltr'>vero</span> 
     </span>
     <span class='ocr_line' id='line_1_17' title="bbox 151 1019 1285 1074; baseline -0.002 -17"><span class='ocrx_word' id='word_1_120' title='bbox 151 1019 225 1058; x_wconf 86' lang='lat' dir='ltr'>ista</span> <span class='ocrx_word' id='word_1_121' title='bbox 246 1033 466 1072; x_wconf 89' lang='lat' dir='ltr'>sequamur,</span> <span class='ocrx_word' id='word_1_122' title='bbox 491 1022 811 1074; x_wconf 85' lang='lat' dir='ltr'>asperitatemque</span> <span class='ocrx_word' id='word_1_123' title='bbox 833 1021 1044 1072; x_wconf 84' lang='lat' dir='ltr'>fugiamus,</span> <span class='ocrx_word' id='word_1_124' title='bbox 1072 1020 1209 1058; x_wconf 81' lang='lat' dir='ltr'>Habeo</span> <span class='ocrx_word' id='word_1_125' title='bbox 1232 1020 1285 1055; x_wconf 73' lang='lat' dir='ltr'>is-</span> 
     </span>
     <span class='ocr_line' id='line_1_18' title="bbox 153 1075 1285 1128; baseline -0.001 -17"><span class='ocrx_word' id='word_1_126' title='bbox 153 1078 235 1112; x_wconf 80' lang='lat' dir='ltr'>tam</span> <span class='ocrx_word' id='word_1_127' title='bbox 263 1088 334 1125; x_wconf 85' lang='lat' dir='ltr'>ego</span> <span class='ocrx_word' id='word_1_128' title='bbox 357 1079 718 1128; x_wconf 75' lang='lat' dir='ltr'>perterricrepam:</span> <span class='ocrx_word' id='word_1_129' title='bbox 759 1076 954 1128; x_wconf 81' lang='lat' dir='ltr'>idemque,</span> <span class='ocrx_word' id='word_1_130' title='bbox 995 1075 1285 1124; x_wconf 74' lang='lat' dir='ltr'>Versutiloquas</span> 
     </span>
     <span class='ocr_line' id='line_1_19' title="bbox 154 1130 338 1167; baseline 0 -1"><span class='ocrx_word' id='word_1_131' title='bbox 154 1130 338 1167; x_wconf 74' lang='lat' dir='ltr'>malztzas.</span> 
     </span>
    </p>

    <p class='ocr_par' dir='ltr' id='par_1_4' title="bbox 152 1181 1286 1604">
     <span class='ocr_line' id='line_1_20' title="bbox 206 1181 1282 1246; baseline -0.001 -25"><span class='ocrx_word' id='word_1_132' title='bbox 206 1183 292 1222; x_wconf 89' lang='lat' dir='ltr'>Nec</span> <span class='ocrx_word' id='word_1_133' title='bbox 310 1184 437 1222; x_wconf 88' lang='lat' dir='ltr'>solum</span> <span class='ocrx_word' id='word_1_134' title='bbox 455 1192 732 1246; x_wconf 80' lang='lat' dir='ltr'>componentur</span> <span class='ocrx_word' id='word_1_135' title='bbox 755 1186 872 1223; x_wconf 80' lang='lat' dir='ltr'>verba</span> <span class='ocrx_word' id='word_1_136' title='bbox 893 1184 1053 1231; x_wconf 87' lang='lat' dir='ltr'>ratione,</span> <span class='ocrx_word' id='word_1_137' title='bbox 1074 1182 1140 1222; x_wconf 85' lang='lat' dir='ltr'>sed</span> <span class='ocrx_word' id='word_1_138' title='bbox 1166 1181 1282 1221; x_wconf 90' lang='lat' dir='ltr'>etiam</span> 
     </span>
     <span class='ocr_line' id='line_1_21' title="bbox 153 1235 1283 1291; baseline -0.001 -16"><span class='ocrx_word' id='word_1_139' title='bbox 153 1235 347 1287; x_wconf 88' lang='lat' dir='ltr'>finientur,</span> <span class='ocrx_word' id='word_1_140' title='bbox 369 1240 553 1291; x_wconf 88' lang='lat' dir='ltr'>quoniam</span> <span class='ocrx_word' id='word_1_141' title='bbox 571 1239 612 1277; x_wconf 84' lang='lat' dir='ltr'>id</span> <span class='ocrx_word' id='word_1_142' title='bbox 632 1239 824 1289; x_wconf 89' lang='lat' dir='ltr'>judicium</span> <span class='ocrx_word' id='word_1_143' title='bbox 848 1252 927 1278; x_wconf 91' lang='lat' dir='ltr'>esse</span> <span class='ocrx_word' id='word_1_144' title='bbox 946 1238 1110 1277; x_wconf 84' lang='lat' dir='ltr'>alterum</span> <span class='ocrx_word' id='word_1_145' title='bbox 1130 1237 1283 1275; x_wconf 89' lang='lat' dir='ltr'>aurium</span> 
     </span>
     <span class='ocr_line' id='line_1_22' title="bbox 152 1291 1285 1344; baseline -0.001 -15"><span class='ocrx_word' id='word_1_146' title='bbox 152 1291 335 1331; x_wconf 82' lang='lat' dir='ltr'>diximus.</span> <span class='ocrx_word' id='word_1_147' title='bbox 383 1293 461 1332; x_wconf 88' lang='lat' dir='ltr'>Sed</span> <span class='ocrx_word' id='word_1_148' title='bbox 493 1294 681 1332; x_wconf 88' lang='lat' dir='ltr'>finiuntur</span> <span class='ocrx_word' id='word_1_149' title='bbox 713 1301 780 1332; x_wconf 89' lang='lat' dir='ltr'>aut</span> <span class='ocrx_word' id='word_1_150' title='bbox 809 1293 1082 1344; x_wconf 79' lang='lat' dir='ltr'>compositione</span> <span class='ocrx_word' id='word_1_151' title='bbox 1114 1291 1213 1343; x_wconf 86' lang='lat' dir='ltr'>ipsa,</span> <span class='ocrx_word' id='word_1_152' title='bbox 1247 1297 1285 1329; x_wconf 91' lang='lat' dir='ltr'>et</span> 
     </span>
     <span class='ocr_line' id='line_1_23' title="bbox 153 1345 1284 1409; baseline -0.002 -25"><span class='ocrx_word' id='word_1_153' title='bbox 153 1346 264 1398; x_wconf 87' lang='lat' dir='ltr'>quasi</span> <span class='ocrx_word' id='word_1_154' title='bbox 283 1361 354 1385; x_wconf 88' lang='lat' dir='ltr'>sua</span> <span class='ocrx_word' id='word_1_155' title='bbox 372 1354 526 1409; x_wconf 66' lang='lat' dir='ltr'>sponte,</span> <span class='ocrx_word' id='word_1_156' title='bbox 548 1355 615 1386; x_wconf 89' lang='lat' dir='ltr'>aut</span> <span class='ocrx_word' id='word_1_157' title='bbox 641 1348 811 1400; x_wconf 84' lang='lat' dir='ltr'>quodam</span> <span class='ocrx_word' id='word_1_158' title='bbox 836 1360 974 1398; x_wconf 83' lang='lat' dir='ltr'>genere</span> <span class='ocrx_word' id='word_1_159' title='bbox 1000 1347 1219 1392; x_wconf 82' lang='lat' dir='ltr'>verborum,</span> <span class='ocrx_word' id='word_1_160' title='bbox 1242 1345 1284 1382; x_wconf 90' lang='lat' dir='ltr'>in</span> 
     </span>
     <span class='ocr_line' id='line_1_24' title="bbox 154 1400 1285 1453; baseline -0.001 -15"><span class='ocrx_word' id='word_1_161' title='bbox 154 1400 324 1452; x_wconf 92' lang='lat' dir='ltr'>quibus</span> <span class='ocrx_word' id='word_1_162' title='bbox 313 1401 404 1453; x_wconf 78' lang='lat' dir='ltr'>ipsis</span> <span class='ocrx_word' id='word_1_163' title='bbox 423 1401 657 1441; x_wconf 83' lang='lat' dir='ltr'>concinnitas</span> <span class='ocrx_word' id='word_1_164' title='bbox 675 1402 795 1448; x_wconf 70' lang='lat' dir='ltr'>inest,</span> <span class='ocrx_word' id='word_1_165' title='bbox 820 1415 907 1453; x_wconf 88' lang='lat' dir='ltr'>quae</span> <span class='ocrx_word' id='word_1_166' title='bbox 926 1401 1004 1439; x_wconf 83' lang='lat' dir='ltr'>sive</span> <span class='ocrx_word' id='word_1_167' title='bbox 1018 1413 1126 1439; x_wconf 88' lang='lat' dir='ltr'>casus</span> <span class='ocrx_word' id='word_1_168' title='bbox 1140 1400 1285 1438; x_wconf 90' lang='lat' dir='ltr'>habent</span> 
     </span>
     <span class='ocr_line' id='line_1_25' title="bbox 153 1453 1286 1508; baseline -0.002 -15"><span class='ocrx_word' id='word_1_169' title='bbox 153 1454 196 1493; x_wconf 91' lang='lat' dir='ltr'>in</span> <span class='ocrx_word' id='word_1_170' title='bbox 215 1455 321 1493; x_wconf 79' lang='lat' dir='ltr'>exitu</span> <span class='ocrx_word' id='word_1_171' title='bbox 347 1456 503 1505; x_wconf 88' lang='lat' dir='ltr'>similes,</span> <span class='ocrx_word' id='word_1_172' title='bbox 532 1456 610 1494; x_wconf 90' lang='lat' dir='ltr'>sive</span> <span class='ocrx_word' id='word_1_173' title='bbox 635 1457 792 1508; x_wconf 84' lang='lat' dir='ltr'>paribus</span> <span class='ocrx_word' id='word_1_174' title='bbox 818 1455 926 1507; x_wconf 86' lang='lat' dir='ltr'>paria</span> <span class='ocrx_word' id='word_1_175' title='bbox 950 1455 1177 1502; x_wconf 86' lang='lat' dir='ltr'>redduntur,</span> <span class='ocrx_word' id='word_1_176' title='bbox 1206 1453 1286 1492; x_wconf 70' lang='grc'><strong>3113</strong></span> 
     </span>
     <span class='ocr_line' id='line_1_26' title="bbox 153 1510 1284 1562; baseline -0.002 -14"><span class='ocrx_word' id='word_1_177' title='bbox 153 1517 401 1561; x_wconf 89' lang='lat' dir='ltr'>opponuntur</span> <span class='ocrx_word' id='word_1_178' title='bbox 419 1511 620 1559; x_wconf 83' lang='lat' dir='ltr'>contraria,</span> <span class='ocrx_word' id='word_1_179' title='bbox 642 1511 776 1562; x_wconf 87' lang='lat' dir='ltr'>suapte</span> <span class='ocrx_word' id='word_1_180' title='bbox 795 1510 935 1548; x_wconf 87' lang='lat' dir='ltr'>natura</span> <span class='ocrx_word' id='word_1_181' title='bbox 952 1522 1157 1548; x_wconf 85' lang='lat' dir='ltr'>numerosa</span> <span class='ocrx_word' id='word_1_182' title='bbox 1179 1514 1284 1556; x_wconf 88' lang='lat' dir='ltr'>sunt,</span> 
     </span>
     <span class='ocr_line' id='line_1_27' title="bbox 154 1564 946 1604; baseline 0 -2"><span class='ocrx_word' id='word_1_183' title='bbox 154 1564 304 1602; x_wconf 81' lang='lat' dir='ltr'>etiamsi</span> <span class='ocrx_word' id='word_1_184' title='bbox 321 1565 420 1603; x_wconf 87' lang='lat' dir='ltr'>nihil</span> <span class='ocrx_word' id='word_1_185' title='bbox 439 1573 495 1604; x_wconf 56' lang='lat' dir='ltr'>est</span> <span class='ocrx_word' id='word_1_186' title='bbox 513 1565 659 1604; x_wconf 87' lang='lat' dir='ltr'>factum</span> <span class='ocrx_word' id='word_1_187' title='bbox 679 1565 727 1604; x_wconf 89' lang='lat' dir='ltr'>de</span> <span class='ocrx_word' id='word_1_188' title='bbox 744 1564 946 1603; x_wconf 65' lang='lat' dir='ltr'>industria„</span> 
     </span>
    </p>

    <p class='ocr_par' dir='ltr' id='par_1_5' title="bbox 153 1615 1287 2156">
     <span class='ocr_line' id='line_1_28' title="bbox 208 1615 1286 1669; baseline -0.002 -13"><span class='ocrx_word' id='word_1_189' title='bbox 208 1618 259 1656; x_wconf 93' lang='lat' dir='ltr'>In</span> <span class='ocrx_word' id='word_1_190' title='bbox 281 1619 399 1669; x_wconf 88' lang='lat' dir='ltr'>hujus</span> <span class='ocrx_word' id='word_1_191' title='bbox 426 1619 690 1658; x_wconf 87' lang='lat' dir='ltr'>concinnitatis</span> <span class='ocrx_word' id='word_1_192' title='bbox 715 1619 991 1658; x_wconf 78' lang='lat' dir='ltr'>consectatione</span> <span class='ocrx_word' id='word_1_193' title='bbox 1011 1617 1198 1669; x_wconf 86' lang='lat' dir='ltr'>Gorgiam</span> <span class='ocrx_word' id='word_1_194' title='bbox 1223 1615 1286 1655; x_wconf 89' lang='lat' dir='ltr'>fu-</span> 
     </span>
     <span class='ocr_line' id='line_1_29' title="bbox 153 1671 1286 1726; baseline -0.002 -15"><span class='ocrx_word' id='word_1_195' title='bbox 153 1671 226 1711; x_wconf 92' lang='lat' dir='ltr'>isse</span> <span class='ocrx_word' id='word_1_196' title='bbox 243 1673 456 1726; x_wconf 85' lang='lat' dir='ltr'>principem</span> <span class='ocrx_word' id='word_1_197' title='bbox 476 1674 705 1726; x_wconf 88' lang='lat' dir='ltr'>accepimus,</span> <span class='ocrx_word' id='word_1_198' title='bbox 727 1687 805 1726; x_wconf 92' lang='lat' dir='ltr'>quo</span> <span class='ocrx_word' id='word_1_199' title='bbox 831 1674 878 1712; x_wconf 90' lang='lat' dir='ltr'>de</span> <span class='ocrx_word' id='word_1_200' title='bbox 903 1686 1041 1725; x_wconf 89' lang='lat' dir='ltr'>genere</span> <span class='ocrx_word' id='word_1_201' title='bbox 1065 1673 1134 1711; x_wconf 83' lang='lat' dir='ltr'>illa</span> <span class='ocrx_word' id='word_1_202' title='bbox 1157 1679 1286 1710; x_wconf 88' lang='lat' dir='ltr'>nostra</span> 
     </span>
     <span class='ocr_line' id='line_1_30' title="bbox 155 1727 1286 1778; baseline -0.001 -13"><span class='ocrx_word' id='word_1_203' title='bbox 155 1734 245 1765; x_wconf 85' lang='lat' dir='ltr'>sunt</span> <span class='ocrx_word' id='word_1_204' title='bbox 269 1727 311 1765; x_wconf 90' lang='lat' dir='ltr'>in</span> <span class='ocrx_word' id='word_1_205' title='bbox 337 1728 583 1768; x_wconf 84' lang='lat' dir='ltr'>Miloniana:</span> <span class='ocrx_word' id='word_1_206' title='bbox 620 1730 648 1751; x_wconf 73' lang='lat'>‘⁶</span> <span class='ocrx_word' id='word_1_207' title='bbox 668 1729 743 1768; x_wconf 90' lang='lat' dir='ltr'>Est</span> <span class='ocrx_word' id='word_1_208' title='bbox 768 1729 886 1776; x_wconf 90' lang='lat' dir='ltr'>enim,</span> <span class='ocrx_word' id='word_1_209' title='bbox 913 1727 1075 1778; x_wconf 89' lang='lat' dir='ltr'>judices,</span> <span class='ocrx_word' id='word_1_210' title='bbox 1100 1727 1184 1765; x_wconf 89' lang='lat' dir='ltr'>haec</span> <span class='ocrx_word' id='word_1_211' title='bbox 1207 1738 1286 1764; x_wconf 91' lang='lat' dir='ltr'>non</span> 
     </span>
     <span class='ocr_line' id='line_1_31' title="bbox 154 1780 1286 1841; baseline -0.004 -19"><span class='ocrx_word' id='word_1_212' title='bbox 154 1781 305 1833; x_wconf 78' lang='lat' dir='ltr'>scripta,</span> <span class='ocrx_word' id='word_1_213' title='bbox 332 1783 399 1821; x_wconf 79' lang='lat' dir='ltr'>sed.</span> <span class='ocrx_word' id='word_1_214' title='bbox 423 1791 515 1822; x_wconf 87' lang='lat' dir='ltr'>nata</span> <span class='ocrx_word' id='word_1_215' title='bbox 535 1783 624 1822; x_wconf 81' lang='lat' dir='ltr'>lex.</span> <span class='ocrx_word' id='word_1_216' title='bbox 656 1797 775 1836; x_wconf 86' lang='lat' dir='ltr'>quam</span> <span class='ocrx_word' id='word_1_217' title='bbox 800 1796 878 1822; x_wconf 89' lang='lat' dir='ltr'>non</span> <span class='ocrx_word' id='word_1_218' title='bbox 901 1781 1119 1829; x_wconf 86' lang='lat' dir='ltr'>didicimus,</span> <span class='ocrx_word' id='word_1_219' title='bbox 1140 1780 1286 1841; x_wconf 84' lang='lat' dir='ltr'>accepi-</span> 
     </span>
     <span class='ocr_line' id='line_1_32' title="bbox 153 1835 1284 1888; baseline -0.001 -15"><span class='ocrx_word' id='word_1_220' title='bbox 153 1847 256 1883; x_wconf 90' lang='lat' dir='ltr'>mus,</span> <span class='ocrx_word' id='word_1_221' title='bbox 284 1836 475 1888; x_wconf 88' lang='lat' dir='ltr'>legimus;</span> <span class='ocrx_word' id='word_1_222' title='bbox 517 1851 652 1876; x_wconf 90' lang='lat' dir='ltr'>verum</span> <span class='ocrx_word' id='word_1_223' title='bbox 680 1851 728 1877; x_wconf 84' lang='lat' dir='ltr'>ex</span> <span class='ocrx_word' id='word_1_224' title='bbox 758 1837 898 1876; x_wconf 82' lang='lat' dir='ltr'>natura</span> <span class='ocrx_word' id='word_1_225' title='bbox 923 1837 1008 1888; x_wconf 87' lang='lat' dir='ltr'>ipsa</span> <span class='ocrx_word' id='word_1_226' title='bbox 1036 1835 1284 1887; x_wconf 74' lang='lat' dir='ltr'>arripuimus,</span> 
     </span>
     <span class='ocr_line' id='line_1_33' title="bbox 154 1888 1287 1954; baseline 0 -27"><span class='ocrx_word' id='word_1_227' title='bbox 154 1888 367 1940; x_wconf 86' lang='lat' dir='ltr'>hausimus,</span> <span class='ocrx_word' id='word_1_228' title='bbox 399 1892 685 1954; x_wconf 63' lang='lat' dir='ltr'>expressimus·</span> <span class='ocrx_word' id='word_1_229' title='bbox 673 1921 686 1938; x_wconf 89' lang='lat'><strong>‚</strong></span> <span class='ocrx_word' id='word_1_230' title='bbox 727 1892 777 1930; x_wconf 88' lang='lat' dir='ltr'>ad</span> <span class='ocrx_word' id='word_1_231' title='bbox 810 1904 930 1944; x_wconf 90' lang='lat' dir='ltr'>quam</span> <span class='ocrx_word' id='word_1_232' title='bbox 961 1903 1041 1929; x_wconf 92' lang='lat' dir='ltr'>non</span> <span class='ocrx_word' id='word_1_233' title='bbox 1072 1890 1188 1938; x_wconf 85' lang='lat' dir='ltr'>docti,</span> <span class='ocrx_word' id='word_1_234' title='bbox 1219 1889 1287 1927; x_wconf 89' lang='lat' dir='ltr'>sed</span> 
     </span>
     <span class='ocr_line' id='line_1_34' title="bbox 153 1942 1285 1996; baseline 0 -15"><span class='ocrx_word' id='word_1_235' title='bbox 153 1942 271 1990; x_wconf 80' lang='lat' dir='ltr'>facti3</span> <span class='ocrx_word' id='word_1_236' title='bbox 300 1957 379 1983; x_wconf 91' lang='lat' dir='ltr'>non</span> <span class='ocrx_word' id='word_1_237' title='bbox 397 1946 576 1996; x_wconf 80' lang='lat' dir='ltr'>instituti,</span> <span class='ocrx_word' id='word_1_238' title='bbox 597 1946 663 1985; x_wconf 87' lang='lat' dir='ltr'>sed</span> <span class='ocrx_word' id='word_1_239' title='bbox 680 1947 823 1986; x_wconf 84' lang='lat' dir='ltr'>imbuti</span> <span class='ocrx_word' id='word_1_240' title='bbox 842 1959 986 1985; x_wconf 82' lang='lat' dir='ltr'>sumuS.</span> <span class='ocrx_word' id='word_1_241' title='bbox 991 1945 1016 1962; x_wconf 90' lang='lat'>&#39;‘</span> <span class='ocrx_word' id='word_1_242' title='bbox 1057 1943 1155 1982; x_wconf 90' lang='lat' dir='ltr'>Haec</span> <span class='ocrx_word' id='word_1_243' title='bbox 1181 1943 1285 1982; x_wconf 87' lang='lat' dir='ltr'>enim</span> 
     </span>
     <span class='ocr_line' id='line_1_35' title="bbox 153 1998 1286 2052; baseline 0 -17"><span class='ocrx_word' id='word_1_244' title='bbox 153 1998 246 2036; x_wconf 82' lang='lat' dir='ltr'>talia</span> <span class='ocrx_word' id='word_1_245' title='bbox 264 2006 368 2048; x_wconf 89' lang='lat' dir='ltr'>sunt,</span> <span class='ocrx_word' id='word_1_246' title='bbox 387 2007 446 2048; x_wconf 90' lang='lat' dir='ltr'>ut,</span> <span class='ocrx_word' id='word_1_247' title='bbox 467 2000 560 2052; x_wconf 92' lang='lat' dir='ltr'>quia</span> <span class='ocrx_word' id='word_1_248' title='bbox 577 2001 795 2040; x_wconf 88' lang='lat' dir='ltr'>referuntur</span> <span class='ocrx_word' id='word_1_249' title='bbox 812 2000 863 2039; x_wconf 88' lang='lat' dir='ltr'>ad</span> <span class='ocrx_word' id='word_1_250' title='bbox 881 2014 939 2049; x_wconf 85' lang='lat' dir='ltr'>ea,</span> <span class='ocrx_word' id='word_1_251' title='bbox 967 1999 1017 2038; x_wconf 82' lang='lat' dir='ltr'>ad</span> <span class='ocrx_word' id='word_1_252' title='bbox 1039 2012 1126 2051; x_wconf 87' lang='lat' dir='ltr'>quae</span> <span class='ocrx_word' id='word_1_253' title='bbox 1144 1998 1286 2036; x_wconf 90' lang='lat' dir='ltr'>debent</span> 
     </span>
     <span class='ocr_line' id='line_1_36' title="bbox 154 2051 1284 2108; baseline 0 -19"><span class='ocrx_word' id='word_1_254' title='bbox 154 2051 300 2100; x_wconf 83' lang='lat' dir='ltr'>referri,</span> <span class='ocrx_word' id='word_1_255' title='bbox 330 2053 592 2106; x_wconf 69' lang='lat' dir='ltr'>intelligamus</span> <span class='ocrx_word' id='word_1_256' title='bbox 616 2068 694 2094; x_wconf 90' lang='lat' dir='ltr'>non</span> <span class='ocrx_word' id='word_1_257' title='bbox 720 2055 927 2108; x_wconf 86' lang='lat' dir='ltr'>quaesitum</span> <span class='ocrx_word' id='word_1_258' title='bbox 956 2067 1036 2093; x_wconf 86' lang='lat' dir='ltr'>esse</span> <span class='ocrx_word' id='word_1_259' title='bbox 1060 2065 1284 2098; x_wconf 82' lang='lat' dir='ltr'>numerum,</span> 
     </span>
     <span class='ocr_line' id='line_1_37' title="bbox 156 2105 1283 2156; baseline -0.001 -12"><span class='ocrx_word' id='word_1_260' title='bbox 156 2105 223 2144; x_wconf 87' lang='lat' dir='ltr'>sed</span> <span class='ocrx_word' id='word_1_261' title='bbox 241 2115 426 2147; x_wconf 87' lang='lat' dir='ltr'>secutum.</span> <span class='ocrx_word' id='word_1_262' title='bbox 465 2109 585 2156; x_wconf 89' lang='lat' dir='ltr'>Quod</span> <span class='ocrx_word' id='word_1_263' title='bbox 603 2110 646 2148; x_wconf 90' lang='lat' dir='ltr'>fit</span> <span class='ocrx_word' id='word_1_264' title='bbox 665 2110 758 2148; x_wconf 88' lang='lat' dir='ltr'>item</span> <span class='ocrx_word' id='word_1_265' title='bbox 777 2109 818 2147; x_wconf 92' lang='lat' dir='ltr'>in</span> <span class='ocrx_word' id='word_1_266' title='bbox 837 2108 1033 2148; x_wconf 88' lang='lat' dir='ltr'>contrariis</span> <span class='ocrx_word' id='word_1_267' title='bbox 1052 2105 1283 2146; x_wconf 83' lang='lat' dir='ltr'>referendis:</span> 
     </span>
    </p>
   </div>
   <div class='ocr_carea' id='block_1_3' title="bbox 145 2158 1285 2258">
    <p class='ocr_par' dir='ltr' id='par_1_6' title="bbox 145 2158 1285 2258">
     <span class='ocr_line' id='line_1_38' title="bbox 157 2158 1285 2214; baseline 0.003 -16"><span class='ocrx_word' id='word_1_268' title='bbox 157 2166 202 2198; x_wconf 89' lang='lat' dir='ltr'>ut</span> <span class='ocrx_word' id='word_1_269' title='bbox 218 2159 286 2199; x_wconf 79' lang='lat' dir='ltr'>illa</span> <span class='ocrx_word' id='word_1_270' title='bbox 304 2171 408 2210; x_wconf 86' lang='lat' dir='ltr'>sunt,</span> <span class='ocrx_word' id='word_1_271' title='bbox 429 2163 570 2214; x_wconf 84' lang='lat' dir='ltr'>quibus</span> <span class='ocrx_word' id='word_1_272' title='bbox 588 2176 667 2203; x_wconf 92' lang='lat' dir='ltr'>non</span> <span class='ocrx_word' id='word_1_273' title='bbox 690 2164 806 2204; x_wconf 87' lang='lat' dir='ltr'>modo</span> <span class='ocrx_word' id='word_1_274' title='bbox 829 2176 1034 2204; x_wconf 82' lang='lat' dir='ltr'>numerosa</span> <span class='ocrx_word' id='word_1_275' title='bbox 1058 2161 1192 2210; x_wconf 85' lang='lat' dir='ltr'>oratio,</span> <span class='ocrx_word' id='word_1_276' title='bbox 1220 2158 1285 2199; x_wconf 83' lang='lat' dir='ltr'>sed</span> 
     </span>
     <span class='ocr_line' id='line_1_39' title="bbox 145 2213 623 2258; baseline 0.013 -5"><span class='ocrx_word' id='word_1_277' title='bbox 145 2213 275 2255; x_wconf 72' lang='lat' dir='ltr'>‚etiam</span> <span class='ocrx_word' id='word_1_278' title='bbox 293 2229 422 2256; x_wconf 84' lang='lat' dir='ltr'>versus</span> <span class='ocrx_word' id='word_1_279' title='bbox 441 2217 623 2258; x_wconf 82' lang='lat' dir='ltr'>efficitur:</span> 
     </span>
    </p>
   </div>
  </div>
 </body>
</html>
