1466 2458
417 104 676 156 ORATOR,
697 105 803 146 cAp.
824 106 889 145 44.
1161 108 1212 147 «ιι

98 215 207 255 dium
223 213 296 254 hoc
314 227 338 254 a
354 226 418 254 me
435 214 615 253 volumen
640 215 848 266 expressit3
878 222 1008 254 tamen
1027 214 1093 265 eis,
1114 228 1211 268 quos

98 269 246 322 aliquid
256 269 546 331 reprehensuros
559 269 790 320 suspicabar,
801 269 1109 320 respondendum
1122 270 1209 310 fuit.

153 323 271 372 Quod
288 323 321 362 si
339 336 396 373 ea,
411 336 498 375 quae
512 323 608 371 dixi,
630 336 707 361 non
728 323 783 361 ita
801 331 947 370 essent3
978 324 1064 376 quis
1082 332 1212 363 tamen

99 392 140 418 se
157 385 238 417 tam
256 377 397 416 durum
415 384 677 429 agrestemque
694 379 890 429 praeberet,
913 378 980 430 qui
997 379 1096 416 hanc
1113 378 1212 417 mihi

96 445 174 472 non
198 431 305 471 daret
328 431 493 481 veniam,
520 440 578 478 ut,
605 444 694 470 cum
719 445 815 471 meae
841 432 1006 471 forenses
1033 441 1145 481 arteS,
1175 439 1213 471 et

98 487 262 526 actiones
281 486 459 538 publicae,
485 485 746 534 concidissent,
772 498 850 524 non
874 499 938 525 me
963 494 1030 524 aut
1059 486 1212 525 desidiae

99 540 222 602 (quod
247 540 368 579 facere
387 552 464 579 non
482 546 655 592 possum)
681 547 748 578 aut
765 540 953 579 moestitiae
968 541 1046 585 (cui
1063 541 1211 588 resisto)

98 595 224 657 potius
243 607 361 646 quam
371 594 490 633 literis
508 594 710 633 dederem.
700 596 718 622 ⁹
747 608 834 646 quae
848 595 1005 646 quidem
1018 607 1082 634 me
1100 603 1213 634 antea.

98 650 140 688 in
154 648 299 699 judicia
316 656 431 701 atque
448 649 490 687 in
508 648 653 687 curiam
677 648 928 698 deducebant,
955 662 1059 688 nunc
1086 650 1212 688 oblec-

98 711 181 742 tant
199 702 332 750 domi3
360 715 430 742 nec
448 716 537 742 vero
555 703 695 742 talibus
713 702 828 742 modo
846 705 973 752 rebus,
993 703 1125 756 quales
1149 704 1213 743 hic

98 757 194 796 liber
212 756 392 807 continet,
413 757 479 796 sed
495 757 620 796 multo
638 757 754 795 etiam
771 757 1006 809 gravioribus
1029 766 1066 796 et
1089 759 1213 808 majo-

98 812 229 858 ribus;
259 825 347 864 quae
375 811 408 851 si
439 818 551 850 erunt
581 811 769 863 perfectae,
803 812 971 863 profecto
999 812 1213 851 forensibus

97 866 235 905 nostris
261 867 374 905 rebus
399 865 515 905 etiam
539 865 754 904 domesticae
774 866 893 905 literae
917 866 1212 918 respondebunt.

98 920 175 962 Sed
192 920 241 959 ad
258 919 474 959 institutam
492 920 787 982 disputationem
805 929 1050 960 revertamur.

150 975 309 1015 XLIV.
349 975 649 1014 collocabuntur
672 975 790 1026 igitur
814 977 942 1025 verba,
962 984 1006 1014 ut
1031 982 1098 1014 aut
1115 974 1214 1014 inter

98 1043 138 1069 se
156 1042 275 1082 quam
292 1029 486 1082 aptissime
513 1028 725 1068 cohaereant
753 1036 923 1069 extrema
948 1043 1038 1069 cum
1062 1030 1212 1082 primis,

99 1096 220 1136 eaque
238 1083 313 1122 sint
331 1097 450 1136 quam
469 1083 700 1122 suavissimis
720 1083 901 1129 vocibus;
932 1092 999 1123 aut
1020 1091 1065 1123 ut
1090 1084 1216 1123 forma

97 1138 181 1191 ipsa
198 1138 506 1190 concinnitasque
524 1140 727 1177 verborum
740 1138 913 1177 conficiat
927 1141 1057 1178 orbem
1070 1152 1213 1177 suum·
1200 1168 1214 1186 ‚

99 1200 168 1232 aut
185 1200 231 1231 ut
248 1192 532 1244 comprehensio
551 1204 751 1230 numerose
769 1200 806 1231 et
825 1200 912 1245 apte
931 1194 1051 1232 cadat.
1079 1194 1218 1245 Atque

98 1247 197 1286 illud
214 1246 385 1298 primum
403 1246 614 1295 videamus,
631 1247 744 1298 quale
763 1247 825 1295 sit,
846 1248 950 1298 quod
968 1248 1029 1287 vel
1046 1249 1217 1287 maxime

98 1298 286 1340 desiderat
297 1300 549 1352 diligentiam,
562 1308 606 1338 ut
618 1301 684 1338 fiat
696 1302 806 1352 quasi
820 1308 1008 1340 structura
1022 1302 1215 1353 quaedam,

99 1368 170 1395 nec
199 1362 330 1393 tamen
360 1356 428 1392 fiat
456 1367 632 1406 operose:
669 1365 762 1392 nam
787 1362 883 1393 esse:
907 1368 996 1394 cum
1028 1356 1216 1404 infinitus,

101 1417 187 1449 tum
204 1409 361 1461 puerilis
378 1409 511 1455 labor3
542 1408 647 1460 quod
665 1408 770 1460 apud
788 1408 986 1448 Lucilium
1011 1410 1101 1449 scite
1128 1424 1218 1450 exa-

100 1464 210 1516 gitat,
230 1463 271 1502 in
289 1463 474 1512 Albucio,
498 1463 679 1511 Scaevola,

157 1540 186 1563 “
199 1538 333 1589 Quam
350 1538 476 1592 lepide
488 1538 607 1579 lexeis
620 1545 824 1592 compostae
843 1538 853 1577 ἔ
875 1546 920 1578 ut
931 1540 1121 1580 tesserulae
1135 1554 1218 1581 om-

264 1606 333 1633 nes

159 1646 315 1701 [Eudo]
324 1647 556 1701 pavimento,
565 1655 681 1701 atque
692 1648 921 1688 emblemate
928 1649 1218 1691 vermiculato.”

106 1737 211 1776 Nolo
228 1743 310 1775 tam
326 1737 479 1776 minuta
495 1737 578 1777 haec
596 1737 824 1777 constructio
843 1744 1023 1790 appareat
1039 1753 1049 1778 :
1080 1739 1146 1779 sed
1163 1748 1222 1780 ta-

104 1802 195 1831 men
223 1791 332 1831 stilus
358 1792 583 1831 exercitatus
602 1792 737 1831 efficiet
749 1792 860 1832 facile
877 1793 977 1833 hanc
995 1793 1098 1832 viam
1117 1808 1222 1834 com-

104 1845 283 1897 ponendi.
325 1844 368 1884 N
370 1859 448 1894 am,
467 1853 512 1885 ut
529 1846 571 1885 in
588 1846 750 1898 legendo
768 1847 915 1895 oculus,
934 1847 987 1885 sic
1011 1848 1164 1888 animus
1181 1851 1224 1890 in

106 1899 279 1948 dicendo,
302 1901 519 1952 prospiciet,
549 1901 645 1953 quid
671 1908 879 1963 sequatur,
889 1914 939 1940 ne
963 1908 1225 1945 extremorum

105 1955 309 1993 verborum
335 1967 437 1993 cum
452 1955 740 2007 insequentibus
766 1955 901 2007 primis
928 1968 1132 1997 concursus
1156 1969 1225 2001 aut

106 2006 252 2047 hiulcas
278 2019 400 2048 voces-
414 2009 565 2057 efficiat,
599 2017 667 2049 aut
693 2023 855 2061 asperas.
898 2009 1092 2058 Quamvis
1119 2015 1225 2054 enim

105 2074 252 2110 suaves,
271 2075 480 2116 gravesque
498 2064 707 2112 sententiae,
723 2071 867 2114 tamen,
884 2063 916 2102 si
928 2063 1130 2105 inconditis
1142 2081 1227 2108 ver-

108 2115 168 2154 bis
185 2115 408 2167 efferuntur,
427 2117 621 2157 offendent
637 2131 760 2167 aures,
781 2131 947 2170 quarum
965 2126 1021 2158 est
1035 2119 1228 2169 judicium

109 2170 434 2221 superbissimum.
463 2171 583 2220 Quod
600 2172 766 2234 quidem
779 2172 920 2211 Latina
937 2172 1072 2224 lingua
1090 2175 1142 2214 sic
1159 2180 1229 2216 ob-

108 2231 244 2277 servat,
263 2236 377 2267 nemo
395 2233 439 2266 ut
453 2233 534 2266 tam
557 2225 719 2267 rusticus
738 2226 799 2278 sit,
817 2225 955 2320 [qugn]
976 2227 1121 2269 vocales
1135 2232 1232 2271 nolit

835 2291 864 2321 E
