1456 2396
223 57 309 97 AD
328 54 712 108 HERENNIUM‚
733 57 834 98 Lus.
851 56 928 98 IV.
949 56 1057 98 cn.
1070 57 1138 97 36.
1181 57 1262 97 243

131 166 267 215 oderit,
289 179 440 206 necesse
461 174 542 205 est:
571 167 878 219 petulantissime
897 167 1001 206 enim
1024 180 1174 220 semper
1191 167 1264 206 iste

130 222 369 273 oppugnavit
383 229 572 260 senatum.
614 221 698 269 Qui
713 230 929 273 equestrem
943 222 1074 261 locum
1093 222 1264 274 splendi-

127 275 331 314 dissimum
340 276 446 327 cupit
458 289 537 314 esse
548 275 590 313 in
601 276 765 324 civitate,
775 276 821 323 is,
835 284 996 328 oportet,
1006 277 1125 315 istum
1136 276 1264 315 maxi-

129 342 213 368 mas
226 342 357 382 poenas
371 330 518 369 dedisse
530 330 635 377 velit,
651 343 700 368 ne
713 330 783 368 iste
798 331 868 368 sua
883 331 1121 382 turpitudine
1136 330 1261 369 ordini

129 383 397 423 honestissimo
411 385 574 423 maeulae
589 393 704 436 atque
719 384 893 423 dedecori
907 385 966 423 sit.
992 385 1075 433 Qui
1085 392 1262 437 parentes

128 437 292 488 habetis,
312 439 498 478 ostendite
515 439 624 478 istius
644 439 845 491 supplicio,
866 440 973 477 vobis
992 440 1167 478 homines
1186 440 1262 478 im-

128 492 212 544 pios
230 506 309 532 non
327 494 487 545 placere.
526 493 682 542 Quibus
700 493 812 532 liberi
831 502 935 541 sunt,
956 494 1109 532 statuite
1129 507 1261 532 exem-

127 547 255 598 plum,
272 556 427 600 quantae
440 561 562 600 poenae
576 548 617 586 in
637 547 789 586 civitate
808 547 884 586 sint
897 548 1119 586 hominibus
1132 548 1262 587 istius-

127 602 235 640 modi
248 603 519 654 comparatae.'’
547 602 665 651 Item,
685 604 712 624 “
727 603 888 640 δεηειῖΐιε
904 601 1073 640 officium
1087 610 1156 651 est,
1170 616 1262 641 con-

127 656 212 695 silio
227 657 419 696 civitatem
429 658 588 707 juvare:
612 656 857 708 magistratus
872 655 1042 694 officium
1058 665 1126 705 est,
1143 657 1261 708 opera

127 718 165 748 et
207 711 213 717 '
234 712 375 750 'uentis
387 712 568 764 consequi
581 712 821 750 voluntatem
836 713 1008 749 senatus:
1029 711 1166 762 populi
1177 712 1261 750 offi-

125 765 231 803 cium
250 773 320 815 est,
340 779 398 805 res
417 766 597 818 optimas,
625 774 662 804 et
687 765 862 804 homines
889 765 1044 804 idoneos
1070 765 1255 815 maxime,

125 820 203 858 suis
228 820 423 859 sententiis
449 820 614 872 deligere
641 828 678 859 et
702 822 888 872 probare:
921 820 1147 858 accusatoris
1173 820 1257 858 offi-

123 874 229 912 cium
248 882 318 923 est,
338 875 478 914 inferre
498 875 682 914 crimina:
709 874 930 922 defensoris,
948 875 1093 912 diluere
1113 882 1150 912 et
1169 888 1258 926 pro-

123 929 301 981 pulsare:
332 930 437 968 testis
463 937 532 978 est,
560 929 698 978 dicere,
724 943 812 981 quae
838 929 944 977 sciat,
972 936 1040 967 aut
1065 928 1230 967 audierit
1244 944 1256 967 ι

124 984 336 1035 quaesimris
363 992 432 1032 est,
457 997 779 1036 unumquemque
804 983 945 1022 horum
971 983 1012 1021 in
1038 983 1162 1022 officio
1189 997 1258 1022 suo

122 1038 327 1077 continere.
369 1038 516 1087 Quare,
544 1039 592 1077 L.
615 1039 737 1086 Cassi,
762 1038 794 1077 si
819 1046 969 1087 testem,
997 1046 1258 1090 praeterquam

123 1092 229 1144 quod
258 1093 352 1131 sciat
381 1101 449 1131 aut
476 1093 654 1141 audierit,
684 1092 946 1145 argumentari
975 1100 1012 1130 et
1039 1093 1259 1142 conjectura

121 1147 301 1199 prosequi
315 1148 469 1199 patieris
483 1162 495 1194 ;
517 1149 583 1198 jus
598 1148 826 1187 accusatoris
840 1160 930 1186 cum
946 1148 1034 1197 jure
1049 1147 1258 1185 testimonii

121 1202 407 1248 commiscebis;
431 1203 534 1241 testis
546 1203 714 1255 improbi
726 1202 975 1254 cupiditatem
988 1202 1231 1240 confirmabis
1242 1215 1256 1248 ;

122 1269 186 1294 reo
209 1256 404 1308 duplicem
427 1256 688 1296 defensionem
714 1257 908 1308 parabis.'’
947 1256 1022 1296 Est
1045 1256 1128 1295 haec
1147 1269 1258 1295 exor-

121 1310 226 1349 natio
245 1311 408 1363 copiosa.
449 1311 752 1363 Comprehendit
770 1312 873 1349 enim
892 1311 1000 1350 brevi
1021 1311 1173 1357 multa;
1204 1319 1256 1358 et,

121 1378 237 1403 suum
260 1366 399 1418 cuique
422 1366 593 1405 tribuens
613 1366 797 1416 officium,
819 1365 1024 1418 separatim
1042 1378 1101 1404 res
1121 1365 1259 1405 dividit

144 1420 257 1458 lurae.

115 1432 142 1471 p
173 1474 380 1514 XXXVI.
411 1474 588 1514 Licentia
613 1482 683 1524 est,
710 1488 800 1514 cum
827 1475 932 1526 apud
958 1487 1035 1524 eOS,
1065 1488 1161 1527 quos
1187 1482 1256 1514 aut

117 1529 240 1567 vereri
258 1537 326 1568 aut
344 1538 514 1568 metuere
533 1530 731 1577 debemus,
756 1538 887 1568 tamen
907 1530 1055 1582 aliquid
1073 1543 1144 1582 pro
1166 1531 1254 1579 jure

118 1591 248 1622 nostro
267 1583 453 1641 dicimus,x
466 1585 571 1637 quod
590 1598 652 1623 eos
675 1585 837 1623 minime
859 1584 1042 1632 offendat,
1070 1592 1137 1623 aut
1157 1598 1255 1636 quos

118 1637 148 1676 ii
180 1637 363 1690 diligunt,
399 1652 489 1678 cum
521 1639 563 1677 in
593 1639 724 1691 aliquo
746 1646 880 1678 errato
908 1652 995 1678 vere
1025 1639 1256 1691 reprehendi

118 1706 228 1744 posse
254 1693 469 1741 videantur,
496 1693 569 1732 hoc
591 1694 733 1733 modo:
766 1696 794 1717 “
816 1693 1036 1742 Miramini,
1065 1693 1253 1743 Quirites,

118 1747 224 1799 quod
243 1749 292 1786 ab
311 1748 492 1787 omnibus
515 1757 649 1787 vestrae
674 1748 838 1787 rationes
864 1748 1086 1786 deserantur
1100 1751 1118 1787 Ρ
1148 1748 1255 1800 quod

118 1815 274 1849 causam
294 1810 459 1841 vestram
477 1815 592 1842 nemo
613 1803 821 1856 suscipiat?
849 1802 955 1855 quod
977 1816 1016 1841 se
1034 1815 1151 1841 nemo
1170 1817 1254 1842 ves-

118 1856 168 1894 tri
187 1856 424 1896 defensorem
443 1858 696 1909 profiteatur?
723 1858 763 1896 id
783 1858 939 1896 tribuite
954 1864 1088 1896 vestrae
1103 1857 1251 1910 culpae;

116 1918 233 1963 atque
265 1911 425 1951 desinite
457 1912 602 1951 mirari.
646 1912 755 1961 Quid
785 1912 889 1951 enim
919 1919 988 1960 est,
1021 1925 1140 1964 quare
1172 1925 1252 1951 non

117 1978 251 2004 omnes
269 1965 382 2004 istam
398 1979 479 2005 rem
494 1966 627 2019 fugere
642 1980 685 2006 ac
699 1967 819 2006 vitare
834 1967 1026 2005 debeant?
1056 1966 1252 2004 Recorda-

117 2019 230 2068 mini,
251 2033 348 2072 quos
366 2020 576 2060 habueritis
591 2022 827 2068 defensores3
853 2021 981 2060 studia
995 2034 1128 2060 eorum
1144 2021 1252 2059 vobis

113 2082 204 2113 ante
222 2075 352 2113 oculos
370 2076 597 2127 proponite3
628 2076 766 2115 deinde
788 2076 914 2115 exitus
932 2076 1109 2114 omnium
1129 2076 1253 2114 eonsi-

114 2128 256 2167 derate.
287 2129 397 2168 Tum
415 2130 523 2169 vobis
541 2131 668 2170 veniet
685 2130 727 2169 in
745 2138 931 2178 mentem,
947 2137 992 2168 ut
1007 2143 1093 2168 vere
1107 2129 1250 2177 dicam,

114 2183 350 2236 negligenda
376 2185 516 2235 vestra,
547 2185 626 2225 sive
654 2184 810 2238 ignavia
834 2185 976 2238 potius,
1003 2184 1090 2225 illos
1119 2196 1253 2224 omnes
