1456 2396
256 56 336 97 DE
366 55 618 103 FINIBUS,
648 55 749 95 Lm.
771 56 806 95 I.
837 55 944 95 CAP.
970 57 1031 95 13.
1127 53 1208 92 365

77 174 260 220 praeoerea
276 179 346 206 nec
360 165 539 218 praesenti
552 177 622 204 nec
637 166 856 217 exspectati&⁸
868 166 1090 219 voluptate·
1112 169 1208 222 quid

77 235 123 262 eo
141 222 317 261 miserius
335 220 412 260 dici
429 228 498 259 aut
515 220 612 271 fingi
630 222 786 271 potest?

132 276 253 325 Quod
281 276 314 314 si
338 275 418 314 vita
442 274 638 313 doloribus
663 275 802 313 referta
826 276 998 315 maxime
1022 276 1210 329 fugienda

75 338 146 379 est,
175 343 378 370 summum
402 329 572 382 profecto
597 330 747 367 malum
774 337 843 377 est,
871 331 998 370 vivere
1022 345 1114 371 cum
1139 333 1209 373 do-

74 386 169 425 lore.
199 385 277 425 Cui
295 384 493 424 sententiae
511 391 810 422 consentaneum
831 395 900 432 est,
921 386 1108 425 ultimum
1127 401 1209 427 esse

75 442 269 480 bonorum
301 452 392 478 cum
425 439 621 490 voluptate
654 438 792 477 vivere.
835 440 920 479 Nec
953 441 1056 479 euim
1089 441 1209 481 habet

74 502 205 534 nostra
229 507 340 534 mens
364 493 596 547 quidquam,
623 493 692 531 ubi
718 493 910 542 consistat,
938 503 1140 548 tamquam
1165 497 1208 536 in

73 557 273 589 extremo:
304 561 515 601 omnesque
534 555 572 586 et
590 555 717 586 metus
736 555 774 586 et
793 549 1037 599 aegritudines
1063 551 1113 589 ad
1138 551 1208 591 do-

71 604 195 644 lorem
209 604 453 649 referuntur;
475 615 544 642 nec
557 610 741 654 praeterea
759 610 816 641 est
834 616 892 642 res
912 604 1006 650 ulla,
1028 619 1117 657 quae
1135 607 1208 646 sua

71 659 214 698 natura
231 666 300 697 aut
318 658 519 698 sollicitare
536 657 669 709 possit,
690 665 759 695 aut
776 669 927 708 angere.
960 659 1149 700 Praeterea
1168 669 1206 701 et

72 713 279 766 appetendi
304 722 341 752 et
367 712 597 764 refugiendi,
625 718 663 750 et
687 712 847 750 omnino
872 725 1001 751 rerum
1020 716 1208 765 gerenda-

70 781 177 818 rum,
205 768 317 806 initia
340 767 634 820 proficiscuntur
658 774 727 805 aut
751 780 775 805 a
794 767 990 819 voluptate
1009 777 1077 807 aut
1096 783 1119 808 a
1138 771 1207 809 do-

70 823 164 863 lore.
194 822 315 871 Quod
328 835 419 862 cum
434 821 488 861 ita
503 821 565 870 sit,
585 821 832 873 perspicuum
848 831 918 870 est,
939 835 1072 861 omnes
1086 833 1207 864 rectas

70 891 132 917 res
150 885 268 930 atque
285 876 498 916 laudabiles
516 890 560 915 eo
580 876 725 923 referri,
758 884 802 914 ut
821 889 912 915 oum
932 878 1130 930 voluptate
1148 880 1207 917 vi-

69 940 196 972 vatur.
235 931 435 980 Quoniam
455 938 587 970 autem
604 930 646 968 id
665 938 721 970 est
741 931 801 969 vel
820 944 1020 970 summum
1042 934 1205 983 bonum,

70 988 134 1026 vel
158 986 359 1034 ultimum,
387 986 449 1025 vel
475 994 710 1033 extremum,
737 986 842 1038 quod
863 986 989 1025 Graeei
1006 993 1118 1027 Τελος
1136 1001 1207 1027 no-

71 1042 238 1091 minant,
271 1040 377 1094 quod
405 1041 536 1093 ipsum
565 1040 717 1079 nullam
745 1040 798 1078 ad
822 1041 941 1079 aliam
967 1054 1064 1089 rem,
1092 1043 1142 1081 ad
1166 1043 1208 1082 id

71 1104 205 1137 autem
233 1109 292 1136 res
325 1095 544 1135 referuntur
575 1107 733 1141 omnes;
764 1095 966 1134 fatendum
995 1104 1065 1146 est,
1099 1111 1207 1136 sum-

72 1164 186 1190 mum
206 1164 285 1190 esse
302 1152 450 1190 bonurn
466 1149 639 1201 jucunde
659 1150 795 1188 vivere.

128 1205 258 1244 XIII.
280 1205 330 1244 Id
345 1205 414 1257 qui
430 1205 471 1243 in
492 1204 572 1243 una
587 1205 728 1244 virtute
746 1213 911 1256 ponunt,
932 1213 984 1255 et,
1005 1207 1207 1258 splendore

71 1261 241 1300 nominis
259 1260 376 1312 capti,
397 1259 493 1312 quid
512 1267 651 1298 natura
669 1259 850 1311 postulet,
871 1272 949 1299 non
968 1261 1206 1313 intelligunt,

71 1329 198 1355 errore
222 1315 412 1362 maximo,
439 1314 471 1353 si
496 1314 714 1366 Epicurum
734 1314 868 1353 audire
886 1316 1091 1364 voluerint,
1111 1318 1208 1356 libe-

71 1372 274 1409 rabuntur.
305 1369 398 1408 Istae
416 1369 521 1408 enim
540 1377 674 1408 vestrae
692 1369 845 1407 eximiae
863 1370 1113 1423 pulchraeque
1132 1371 1208 1410 vir-

72 1432 174 1464 tutoe
199 1424 274 1464 nisi
299 1424 538 1476 voluptatem
564 1424 769 1470 efficerent,
796 1425 884 1475 quis
903 1437 965 1463 eas
984 1434 1052 1464 aut
1070 1425 1207 1465 lauda-

71 1479 170 1519 biles
188 1487 257 1518 aut
276 1479 509 1531 expetendas
527 1478 808 1517 arbitraretur?
839 1479 896 1518 Ut
914 1480 1019 1518 enim
1038 1481 1207 1520 medico-

69 1547 161 1573 rum
180 1534 393 1582 scientiam,
414 1546 492 1572 non
511 1533 631 1585 ipsius
643 1533 748 1581 artis,
771 1533 836 1572 sed
851 1535 962 1573 bonae
977 1535 1208 1575 valetudinis

70 1589 201 1637 causfa,
217 1590 453 1641 probamus;
476 1596 513 1626 et
531 1587 798 1639 gubernatoris
816 1602 891 1637 ars,
912 1589 1004 1641 quia
1022 1591 1120 1629 bene
1138 1603 1210 1628 na·

71 1643 229 1696 vigandi
244 1643 432 1682 rationem
447 1643 578 1690 habet,
595 1643 775 1689 utilitate,
792 1655 871 1682 non
886 1652 981 1692 arte,
997 1644 1206 1691 laudatur3

69 1698 124 1738 sic
149 1698 350 1751 sapientia,
378 1711 466 1750 quae
492 1711 553 1736 ars
579 1697 732 1736 vivendi
757 1698 932 1749 putanda
949 1707 1020 1746 est,
1041 1712 1118 1738 non
1139 1713 1208 1739 ex-

70 1760 278 1805 peteretur,
299 1753 331 1792 si
351 1753 449 1791 nihil
468 1752 656 1797 efficeret;
678 1765 782 1791 nunc
802 1754 1009 1805 expetitur,
1030 1754 1135 1806 quod
1151 1763 1209 1793 est

70 1815 275 1860 tamquam
293 1806 432 1847 artifex
451 1807 721 1860 conquirendae
737 1816 774 1846 et
789 1808 1055 1861 comparandae
1070 1810 1208 1862 volup-

72 1862 175 1903 tatis.

128 1916 263 1965 Quam
289 1924 421 1957 autern
445 1917 573 1956 dicam
598 1918 852 1970 voluptatem,
877 1919 961 1969 jam
987 1918 1138 1967 videtis,
1159 1931 1209 1957 ne

72 1971 221 2011 invidia
250 1972 358 2011 verbi
385 1972 636 2012 labefactetur
666 1973 787 2012 oratio
816 1986 915 2012 mea.
959 1974 1084 2021 Nam,
1117 1986 1210 2012 cum

71 2026 315 2088 ignoratione
333 2040 463 2066 rerum
480 2029 673 2066 bonarum
689 2035 727 2066 et
741 2028 935 2066 malarum
951 2028 1124 2067 maxime
1138 2027 1210 2066 ho-

73 2081 230 2120 minum
248 2081 328 2120 vita
346 2090 531 2129 vexetur3
562 2084 612 2121 ob
636 2095 805 2135 eumque
830 2096 997 2121 errorem
1017 2090 1055 2120 et
1074 2082 1213 2134 volup-

75 2136 220 2177 tatibus
238 2136 421 2175 maximis
440 2150 540 2189 saepe
555 2137 768 2190 priventur,
790 2144 828 2176 et
841 2137 1076 2188 gravissimis
1093 2137 1215 2175 animi

75 2189 271 2234 doloribus
287 2198 564 2244 torqueantur,
587 2192 844 2283 sapientias-'est
841 2169 1090 2284 ⁰3‹111ibenda‚
1107 2205 1210 2244 quae,

816 2258 830 2283 1
