1456 2396
187 105 268 145 418
355 104 436 146 DE
467 105 718 155 FINIBUS,
749 106 850 145 L113.
875 105 932 145 11.
963 104 1072 146 CAP.
1092 106 1163 145 32·

187 213 354 253 etiamne
371 222 458 266 post
475 221 637 254 mortem
657 215 834 254 coletur?
861 215 978 267 idque
999 220 1224 254 testamento
1241 226 1304 253 ca-

188 267 320 306 vebit
309 281 355 317 15,
377 268 445 320 qui
463 269 569 308 vobis
587 270 696 321 quasi
721 270 920 308 oraculum
938 268 1110 317 ediderit,
1130 267 1228 306 nihil
1254 267 1305 306 ad

186 332 257 359 nos
275 322 464 373 pertinere
473 330 560 374 post
570 331 732 362 mortem
749 324 767 360 ἲ
796 324 894 363 Haec
907 336 986 361 non
1005 330 1113 361 erant
1130 323 1225 373 ejus,
1238 321 1308 374 qui

187 374 486 415 innumerabiles
514 377 694 426 mundos,
727 377 970 439 infinitasque
997 376 1182 427 regiones,
1211 388 1308 428 qua-

188 441 279 468 rum
308 431 418 468 nulla
441 438 538 469 esset
563 445 642 479 ora,
673 431 782 470 1111113
805 431 1039 478 extremitas,
1061 437 1197 469 mente
1219 442 1307 482 per-

191 484 410 534 agravisset.
431 485 641 537 Numquid
654 486 728 524 tale
743 485 988 525 Democritus
1001 484 1020 521 ¹?
1033 491 1078 522 ut
1089 484 1182 523 alios
1194 483 1310 523 omit-

191 543 288 587 tam,
307 538 412 577 hunc
430 540 596 590 appello,
617 552 734 592 quem
751 540 817 579 ille
835 553 959 578 unum
979 546 1130 578 secutus
1148 545 1215 577 aet.

245 567 366 639 Q'uod
395 592 426 631 si
455 593 536 632 dies
567 594 757 633 notandus
785 594 874 642 fuit,
901 606 1040 632 eumne
1063 593 1205 644 potius,
1231 603 1310 653 quo

190 653 316 691 natus,
337 659 388 686 an
407 659 511 696 eum,
532 660 610 708 quo
629 648 777 700 sapiens
799 648 921 686 factus
939 650 1026 686 est?
1057 647 1151 685 Non
1168 646 1309 698 potuit,

191 699 356 752 inquies,
376 701 459 740 fieri
478 702 642 753 sapiens,
662 703 736 741 nisi
753 710 865 741 natus
880 709 986 741 esset.
1013 701 1105 749 Et,
1094 708 1166 740 1sto
1179 699 1310 749 modo,

191 765 242 792 ne
271 755 303 792 si
334 755 421 794 avia
452 755 609 807 quidem
634 758 717 806 ejus
743 764 835 796 nata
865 769 943 795 non
974 763 1080 795 esset.
1109 755 1190 794 Res
1215 761 1310 803 tota,

193 807 406 860 Torquate,
426 821 505 848 non
523 810 722 850 doctorum
746 811 966 872 hominum,
984 810 1082 850 velle
1089 816 1186 871 post
1207 820 1312 846 mor-

191 869 272 901 tem
302 864 425 915 epulis
455 864 634 903 celebrari
659 865 883 904 memoriam
909 865 970 904 5111
993 863 1184 903 nominis:
1215 875 1311 915 quos

191 916 350 968 quidem
380 917 459 956 dies
483 918 811 970 quemadmodum
834 918 970 971 agatis,
997 926 1035 957 et
1057 918 1098 956 in
1126 924 1312 969 quantam

191 969 397 1009 hominum
414 971 625 1011 facetorum
643 973 900 1012 urbanitatem
925 971 1138 1020 incurratis,
1158 983 1236 1009 non
1253 970 1313 1008 di-

191 1037 248 1063 00.
277 1024 391 1063 Ν11111
409 1039 505 1078 opus
531 1034 586 1065 est
607 1027 753 1066 litibus.
781 1028 957 1066 Tantum
983 1026 1081 1075 dico,
1104 1025 1228 1076 magis
1245 1024 1310 1063 fu-

191 1078 265 1117 isse
283 1087 454 1118 vestrum
479 1093 591 1131 agere
608 1081 770 1132 Epicuri
793 1081 897 1120 diem
915 1081 1099 1130 natalem,
1119 1092 1238 1132 quam
1264 1078 1312 1117 il-

192 1132 282 1181 lius,
302 1140 529 1173 testamento
547 1147 677 1173 cavere
695 1144 740 1173 ut
750 1142 936 1187 ageretur.

245 1187 436 1226 XXXII.
466 1188 556 1236 Sed,
577 1196 621 1226 ut
646 1189 696 1227 ad
717 1189 957 1242 propositum
975 1194 1223 1236 revertamur,
1246 1185 1314 1239 (de

192 1241 321 1280 dolore
340 1242 443 1280 enim
463 1255 552 1282 cum
570 1242 795 1292 diceremus,
823 1244 874 1282 ad
891 1243 1006 1282 istam
1026 1243 1225 1304 epistolam
1246 1241 1315 1280 de-

191 1295 262 1334 lati
279 1295 432 1347 sumus)
453 1310 557 1336 nunc
575 1304 700 1336 totum
714 1298 812 1336 illud
831 1297 1006 1337 concludi
1025 1297 1078 1336 510
1094 1296 1196 1336 11081.
1230 1295 1314 1345 Qui

191 1350 234 1388 in
253 1363 406 1389 summo
427 1351 531 1390 malo
557 1359 627 1400 est,
646 1352 678 1390 is
697 1359 797 1401 tum,
826 1365 915 1391 cum
940 1352 981 1390 in
1000 1365 1045 1390 eo
1062 1358 1132 1400 est,
1151 1363 1229 1389 non
1257 1356 1314 1388 est

192 1406 341 1444 beatus.
369 1406 528 1457 Sapiens
547 1414 676 1444 autem
696 1420 844 1459 semper
863 1409 998 1445 beatus
1016 1413 1084 1454 est,
1105 1412 1143 1444 et
1167 1412 1223 1444 aet
1241 1404 1314 1442 ali-

193 1459 349 1510 quando
367 1459 408 1497 in
426 1460 564 1498 dolore.
596 1460 689 1498 Non
713 1468 768 1499 est
794 1461 911 1512 igitur
936 1473 1134 1499 summum
1162 1459 1313 1498 malum

193 1513 313 1552 dolor.
343 1514 438 1552 Jam
464 1514 563 1552 iliud
591 1515 704 1567 quale
731 1516 889 1554 tandem
916 1517 1003 1554 est?
1034 1517 1062 1539 “
1082 1515 1196 1553 Bona
1213 1526 1312 1565 prae-

193 1567 305 1606 terita
331 1580 408 1606 non
446 1568 598 1607 effluere
630 1569 804 1620 sapienti,
842 1569 947 1607 mala
980 1569 1199 1607 meminisse
1233 1579 1313 1606 non

194 1623 408 1672 oportere.’'
437 1622 620 1661 Primum
645 1623 684 1660 in
711 1623 889 1662 nostrane
914 1631 1098 1675 potestate
1121 1630 1190 1671 est,
1219 1621 1315 1673 quid

194 1676 516 1715 meminerimus?
559 1677 836 1716 Themistocles
868 1678 1041 1740 quidem,
1075 1690 1165 1715 cum
1195 1676 1229 1714 ei
1255 1675 1316 1714 Si-

193 1730 381 1778 monides,
403 1738 469 1768 aut
488 1730 574 1782 quis
589 1732 700 1779 alius,
714 1739 835 1770 artem
852 1732 1047 1770 memoriae
1060 1731 1313 1790 polliceretur,

197 1786 226 1807 ‘⁶
247 1784 508 1832 Oblivionis,''
527 1786 670 1837 inquit,
691 1789 719 1809 ‘⁸
739 1786 923 1824 mallem:
957 1799 1047 1824 nam
1066 1784 1226 1824 memini
1244 1783 1315 1822 eti-

194 1851 260 1876 am
291 1852 377 1890 quae
409 1840 519 1884 1101ος
566 1840 737 1879 oblivisci
767 1853 845 1879 non
880 1853 1036 1892 possum
1067 1853 1153 1891 quae
1186 1837 1312 1877 volo.”

194 1892 351 1955 Magno
364 1892 426 1932 hic
449 1894 629 1955 ingenio:
661 1895 726 1932 sed
753 1908 811 1933 res
833 1907 873 1933 se
899 1902 1028 1933 tamen
1050 1894 1101 1932 510
1118 1894 1247 1940 habet,
1266 1898 1312 1930 ut

193 1946 309 1986 nimis
340 1947 533 2008 imperiosi
569 1948 787 2000 philosophi
817 1948 879 1997 sit,
917 1957 1043 1987 vetare
1078 1947 1311 1986 meminisse.

192 2000 310 2050 Vide,
330 2014 378 2040 ne
396 2002 469 2040 ista
487 2002 562 2040 sint
574 2002 778 2041 Manliana
788 2011 926 2064 vestra,
943 2010 1010 2042 aut
1020 2003 1167 2052 majora
1181 2001 1314 2048 etiam,

192 2054 226 2093 si
243 2055 408 2107 imperes
427 2056 532 2108 quod
549 2056 670 2095 facere
689 2069 764 2094 non
779 2057 934 2118 possim.

245 2109 368 2158 Quid,
381 2110 413 2148 si
432 2110 548 2149 etiam
563 2111 736 2160 jucunda
754 2111 941 2150 memoria
959 2119 1016 2150 est
1033 2109 1313 2163 praeteritorum

190 2164 406 2202 malorum
397 2167 415 2193 9
444 2172 488 2203 ut
506 2166 706 2216 proverbia
721 2166 909 2204 nonnulla
923 2166 1067 2204 veriora
1083 2165 1173 2212 sint,
1195 2175 1314 2222 quani

192 2225 315 2257 vestra
333 2218 538 2270 dogmata·
570 2219 686 2271 vulgo
705 2219 806 2258 enim
827 2219 980 2267 dicitur,
1004 2222 1033 2242 “
1047 2219 1074 2258 J
1078 2217 1223 2258 ucund1
1240 2215 1314 2255 acti
