1456 2396
210 125 262 169 78
559 119 791 170 TOPICA,
813 119 919 160 CAP.
941 122 979 160 8.

213 239 283 279 set,
296 230 556 278 ostendimus3
586 230 665 279 sed,
686 230 780 282 quid
798 230 897 269 inter
917 244 956 269 se
970 228 1166 279 differant,
1178 230 1339 282 planius

220 285 427 324 dicendum
442 293 509 324 est.

273 339 375 378 VII.
406 340 455 377 In
466 339 668 391 partitione
686 339 796 391 quasi
812 340 988 377 membra
1006 345 1121 385 sunt;
1151 345 1197 376 ut
1210 351 1347 390 corpo-

222 393 290 442 ris,
308 401 439 446 caput,
463 393 630 442 humeri,
656 406 808 441 manus,
834 394 966 439 latera,
992 405 1117 439 crura,
1148 392 1278 443 pedes,
1308 400 1347 432 et

226 456 386 487 caetera.
376 463 386 472 ·
415 448 458 486 in
483 448 680 494 divisione,
704 447 838 485 formae
861 455 963 494 sunt,
985 460 1080 498 quas
1100 446 1227 485 Graeci
1247 446 1348 490 Ιὸεας

227 510 388 541 vocant.
413 502 545 550 nostri,
566 502 598 539 si
618 502 686 563 qui
704 502 785 540 haec
803 502 900 539 forte
914 509 1091 548 tractant,
1112 502 1265 551 Species
1279 513 1349 552 ap-

226 557 401 609 pellant;
430 569 508 595 non
537 557 699 607 pessime
727 556 767 593 id
795 555 966 606 quidem,
995 555 1061 593 sed
1086 555 1274 593 inutiliter
1301 554 1352 592 ad

226 610 433 649 mutandos
451 623 558 649 casus
576 610 617 648 in
636 609 807 648 dicendo.
855 609 992 647 Nolim
1011 609 1130 656 enim,
1150 621 1201 647 ne
1219 609 1252 647 si
1270 608 1350 647 La-

225 665 307 704 tine
321 665 478 717 quidem
489 664 565 703 dici
578 663 708 715 possit,
724 666 935 714 specierum
949 671 986 702 et
997 665 1188 714 speciebus
1199 663 1350 708 dicere3

229 726 268 758 et
293 732 391 771 saepe
415 718 476 756 his
501 718 649 757 casibus
676 718 865 756 utendum
885 725 965 763 est3
995 726 1035 756 at
1042 718 1195 769 formaes
1213 724 1253 756 et
1260 718 1354 769 for-

229 786 388 812 marum
405 772 534 812 velim.
564 772 668 811 Cum
686 779 816 810 autem
834 780 998 823 utroque
1017 773 1132 810 verbo
1150 771 1257 810 idem
1276 771 1353 822 sig-

230 828 420 874 nificetur,
459 827 769 866 commoditatem
810 826 851 865 in
883 825 1043 865 dicendo
1081 838 1159 864 non
1192 825 1356 865 arbitror

234 881 518 933 negligendam.

291 936 424 975 Genus
443 944 481 974 et
498 936 664 974 formam
682 935 870 974 definiunt
888 935 961 974 hoc
978 935 1118 974 modo.
1151 934 1285 974 Genus
1303 941 1360 974 est

234 990 341 1030 notio
360 990 410 1028 ad
434 991 562 1041 plures
576 989 806 1028 differentias
824 990 1042 1041 pertinens.
1074 989 1199 1028 forma
1217 998 1273 1028 est
1290 1002 1360 1028 no-

236 1046 304 1092 tio,
321 1045 431 1094 cujus
443 1044 654 1083 differentia
665 1044 714 1082 ad
727 1052 842 1095 caput
853 1044 1015 1095 generis,
1019 1052 1057 1082 et
1071 1044 1181 1096 quasi
1195 1043 1358 1091 fontem,

236 1099 368 1139 referri
384 1106 520 1150 potest.
567 1098 778 1136 Notionem
803 1099 969 1150 appello,
990 1111 1109 1159 quam
1130 1098 1256 1136 Graeci
1274 1106 1361 1136 tum

241 1157 394 1200 Εννοιαν,
414 1160 499 1191 tum
521 1154 722 1203 Πρῡληψιν,
748 1152 892 1190 dicunt.
933 1152 995 1190 Ea.
1013 1160 1069 1191 est
1086 1152 1201 1191 insita
1219 1160 1257 1191 et
1274 1160 1364 1191 ante
1454 1171 1456 1199 1

238 1214 416 1258 percepta
440 1207 625 1258 cujusque
647 1206 781 1244 formae
805 1206 985 1257 cognitio,
1005 1206 1242 1245 enodationis
1260 1206 1361 1245 indi-

237 1274 343 1312 gens.
373 1261 526 1300 Formae
543 1260 660 1322 igitur
679 1269 768 1299 sunt
785 1261 861 1308 hae,
873 1260 914 1298 in
933 1273 1030 1312 quas
1047 1273 1183 1312 genus,
1200 1261 1282 1299 sine
1300 1261 1362 1299 ul-

238 1315 313 1354 lius
338 1315 667 1375 praetermissione,
698 1314 906 1360 dividitur;
951 1322 997 1353 ut
1015 1315 1046 1353 si
1065 1315 1152 1366 quis
1167 1316 1232 1365 jus
1250 1315 1291 1353 in
1309 1315 1365 1354 le-

238 1383 344 1421 gem,
364 1382 525 1417 morem,
547 1369 782 1420 aequitatem,
801 1343 959 1407 dividat.
988 1369 1150 1408 Formas
1169 1369 1237 1421 qui
1255 1377 1367 1421 putat

240 1424 345 1462 idem
364 1436 456 1470 esse,
478 1422 582 1474 quod
599 1430 739 1474 partes,
759 1422 960 1461 confundit
978 1430 1130 1470 artem3
1159 1431 1210 1471 et,
1231 1424 1367 1463 simili-

238 1477 374 1516 tudine
406 1477 575 1529 quadam
608 1478 870 1526 conturbatus,
901 1489 979 1516 non
1007 1477 1098 1517 satis
1125 1484 1250 1529 acute,
1279 1492 1367 1531 quae

239 1539 330 1572 sunt
349 1531 590 1579 secernenda,
611 1531 823 1583 distinguit.

297 1586 409 1638 Saepe
446 1586 563 1624 etiam
592 1585 782 1623 definiunt
814 1591 852 1624 et
883 1592 1048 1625 oratores
1077 1592 1115 1624 et
1146 1589 1271 1638 poe'tae
1299 1600 1368 1639 per

241 1640 531 1681 translationem
557 1639 663 1677 verbi
693 1652 742 1678 ex
773 1639 1039 1689 similitudine,
1074 1653 1165 1679 cum
1197 1641 1369 1692 qufflam

244 1694 442 1734 suavitate.
473 1693 549 1733 Sed
567 1706 638 1744 ego
656 1707 680 1731 a
698 1693 830 1732 vestiis
842 1694 1042 1745 exemplis,
1058 1694 1132 1732 nisi
1144 1696 1367 1745 necessario,

241 1761 322 1788 non
347 1748 533 1786 recedam.
582 1748 737 1786 Solebat
765 1747 884 1799 igitur
912 1748 1129 1800 Aquillius,
1159 1749 1306 1801 collega
1332 1757 1372 1789 et

242 1802 443 1842 familiaris
460 1815 586 1850 meus,
607 1814 697 1840 cum
715 1802 763 1840 de
780 1802 956 1840 litoribus
970 1810 1159 1854 ageretur,
1180 1817 1269 1856 quae
1285 1817 1370 1842 om-

241 1859 308 1896 nia
333 1856 490 1908 publica
514 1869 593 1895 esse
619 1856 749 1904 vultis,
776 1856 1036 1908 quaerentibus
1060 1856 1107 1896 iis
1132 1857 1183 1895 ad
1207 1871 1305 1910 quos
1328 1858 1371 1897 id

241 1911 471 1965 pertinebat,
492 1910 587 1962 quid
606 1918 702 1949 esset
723 1885 830 1958 litus,
852 1910 907 1948 ita
925 1911 1097 1959 definire,
1121 1914 1149 1934 “
1169 1925 1250 1963 qua
1274 1912 1371 1952 fluc-

241 1974 305 2004 tus
335 1964 547 2002 eluderet.
551 1964 664 2003 'hoc
696 1972 766 2013 aet,
805 1965 915 2016 quasi
953 1965 1022 2017 qui
1058 1965 1368 2027 adolescentiam,

241 2020 377 2059 florem
397 2019 541 2063 aetatis3
572 2026 819 2068 senectutem,
840 2031 1016 2058 occasum
1035 2020 1138 2068 vitae,
1165 2019 1258 2058 velit
1275 2020 1370 2059 defi-

239 2075 351 2112 nire:
393 2072 639 2111 translatione
668 2080 794 2120 utens,
826 2072 1042 2112 discedebat
1072 2087 1096 2112 a
1127 2073 1252 2113 verbis
1281 2088 1372 2126 pro·
1439 2025 1456 2124 l

239 2127 333 2181 priis
365 2138 495 2164 rerum
527 2139 571 2164 ac
598 2127 688 2165 suis.
729 2126 848 2176 Quod
873 2127 923 2166 ad
951 2127 1192 2167 definitiones
1218 2129 1369 2178 attinet,
1440 2125 1455 2214 ᾗ

237 2183 451 2224 hactenus:
482 2180 630 2232 reliqua
649 2181 861 2220 videamus.
1441 2219 1453 2263 ἱ

291 2234 668 2276 V111.Partitione
687 2243 819 2275 autem
838 2236 891 2276 sic
911 2236 1102 2276 utendum
1121 2244 1193 2286 est,
1213 2237 1365 2276 nullam
