1456 2396
201 82 284 121 AD
303 79 681 129 HERENNIUM,
700 79 801 119 LIB.
816 80 873 119 ΙΙ.
894 79 999 119 CAP.
1013 79 1077 118 23.
1129 78 1204 124 177

93 188 198 239 Ergo
215 189 286 228 hac
303 202 456 241 quoque
474 191 522 227 ab
542 189 679 226 ultimo
701 188 920 239 repetitione
941 188 982 225 in
1005 186 1206 247 expositio-

91 242 204 280 nibus
221 255 448 303 magnopere
467 241 787 293 supersedendum
805 250 871 279 est.
907 242 999 279 Non
1022 241 1125 279 enim
1149 253 1208 300 re..

90 296 348 346 prehensione,
367 297 463 335 sicut
481 297 565 336 aliae
584 296 808 347 complures,
826 295 890 333 sed
908 309 977 333 sua
990 303 1186 346 sponte,v1

95 348 190 387 tiosa
208 357 274 388 est.

143 402 310 442 XMII.
340 403 488 442 Vitiosa
516 403 611 441 ratio
637 410 708 451 est,
741 416 827 454 quae
856 402 904 439 ad
934 402 1205 453 expositionem

89 468 166 494 non
192 465 246 495 est
271 457 564 502 accommodata,
589 457 648 494 vel
672 466 823 507 propter
847 456 1120 502 infirmitatem,
1147 456 1207 493 vel

89 518 241 561 propter
259 511 475 549 vanitatem.
504 510 665 548 Infirma
682 510 777 547 ratio
797 518 863 554 est,
886 523 972 560 quae
990 521 1067 546 non
1080 522 1206 546 necae-

89 563 186 601 sario
204 565 365 603 ostendit
382 565 434 602 ita
452 577 542 612 esse,
559 563 884 616 quemadmodum
899 563 1113 614 expositum
1128 571 1204 608 est;

89 617 193 655 velut
212 618 314 669 apud
333 619 532 666 Plautum,

143 707 172 728 “
187 705 372 743 Amicum
391 705 571 756 castigare
588 707 636 743 ob
655 704 832 742 meritam
850 704 1020 750 noxiam,

141 759 318 797 Immane
336 766 391 797 est
408 759 577 797 facinus:
609 771 741 797 verum
759 758 799 796 in
819 765 927 796 aetate
946 758 1052 806 utile,

145 812 200 850 Et
218 812 493 851 conducibile.'’

87 901 184 940 Haec
202 901 385 953 expositio
403 909 482 940 oet:
512 901 722 950 videamus,
742 915 829 953 quae
846 901 942 939 ratio
961 901 1159 939 afferatur:

141 989 170 1011 “
183 988 290 1026 Nam
309 1002 378 1040 ego
397 988 564 1027 amicum
582 989 694 1027 hodie
711 1001 843 1026 meum

141 1041 415 1094 Concastigabo
433 1056 502 1094 pro
521 1043 741 1081 commerita
759 1042 916 1082 noxiass’

86 1129 152 1168 Ex
181 1142 225 1168 eo
253 1130 357 1182 quod
385 1131 465 1182 ipse
486 1130 656 1169 facturus
682 1138 749 1178 est,
774 1143 851 1169 non
874 1144 921 1169 ex
940 1144 983 1169 eo
1002 1131 1105 1182 quod
1123 1130 1204 1169 fieri

88 1184 274 1231 convenit,
294 1185 387 1223 utile
405 1184 499 1237 quid
517 1185 577 1232 sit,
598 1185 850 1223 ratiocinatur.
881 1185 995 1227 Vana
1016 1185 1110 1223 ratio
1133 1192 1202 1231 est,

87 1250 175 1288 quae
199 1251 246 1275 ex
265 1238 361 1275 falsa
379 1238 491 1276 causa
516 1246 673 1287 constat,
698 1239 771 1276 hoc
787 1238 925 1276 modo.
958 1238 1125 1276 “Amor
1142 1238 1204 1275 fu-

86 1291 247 1342 giendus
265 1304 341 1329 non
361 1299 438 1329 est:
469 1304 560 1329 nam
583 1305 629 1330 ex
653 1305 696 1330 eo
715 1292 907 1329 verissnna
924 1292 1088 1329 nascitur
1107 1292 1204 1329 ami-

87 1344 215 1382 citia.”
254 1345 341 1383 Aut
364 1346 436 1383 hoc
459 1345 597 1383 modo.
631 1348 659 1368 ‘-
680 1345 926 1396 Philosophia
950 1345 1103 1383 vitanda
1122 1353 1201 1383 est:

87 1398 195 1436 affert
213 1399 315 1436 enim
330 1399 536 1437 socordiam
555 1407 669 1451 atque
687 1399 910 1437 desidiam.”
940 1399 1046 1436 Nam
1064 1399 1125 1436 hae
1143 1412 1203 1436 ra-

88 1452 206 1490 tiones
234 1453 306 1491 nisi
335 1453 439 1490 falsae
469 1453 875 1503 essent‚‘expositiones
898 1465 1050 1504 quoque
1072 1465 1202 1490 earum

86 1512 191 1544 veras
209 1519 287 1545 esse
306 1505 579 1551 confiteremur.
621 1507 721 1544 Item
744 1506 896 1543 infirma
916 1506 1011 1544 ratio
1030 1514 1097 1553 est,
1118 1520 1205 1557 quae

85 1571 164 1597 non
195 1560 440 1600 necessariam
472 1573 625 1606 causam
653 1560 761 1598 affert
793 1560 1062 1611 expositionis:
1103 1561 1208 1598 velut

89 1613 292 1662 Pacuvius,

143 1689 171 1709 ‘⁶
186 1686 398 1725 Fortunam
416 1687 589 1725 insanam
608 1700 685 1725 esse
703 1694 740 1725 et
754 1699 890 1724 caecam
903 1694 941 1724 et
954 1687 1106 1724 brutam
1121 1700 1206 1737 per-

300 1741 433 1778 hibent
451 1741 691 1791 philosophi3

142 1794 320 1845 saxoque
329 1794 438 1831 illam
448 1795 586 1832 instare
599 1795 754 1844 globoso
767 1793 972 1844 praedicant
984 1793 1208 1831 volubilem:

144 1847 252 1896 Ideo,
273 1861 350 1899 quo
368 1861 505 1885 saxum
522 1848 717 1898 impulerit
736 1847 826 1894 fors,
846 1847 977 1885 cadere
999 1860 1042 1885 eo
1069 1848 1208 1885 Fortu-

304 1914 395 1939 nam
414 1909 628 1939 autumant„

146 1954 297 1993 Caecam
315 1957 364 1992 ob
383 1968 468 1993 eam
485 1968 567 1992 rem
587 1968 664 1993 esse
681 1955 831 2003 iterant,
847 1954 938 2005 quia
955 1954 1052 1992 nihil
1065 1962 1205 2001 cernat,

305 2021 382 2059 quo
400 2021 478 2046 sese
496 2008 669 2059 applicet.

147 2062 329 2101 Insanam
354 2069 483 2099 autem
508 2063 628 2111 aiunt,
653 2062 744 2114 quia
767 2068 890 2110 atrox,
913 2061 1067 2111 incerta,
1093 2061 1209 2099 insta.-

308 2115 470 2170 bilisque
487 2115 558 2154 sit:
