1456 2396
177 119 259 158 414
341 116 420 157 DE
450 116 703 166 FINIBUS,
733 117 834 156 1111«.
855 116 914 160 11.
935 117 1042 157 CAP.
1063 119 1130 157 29.

177 227 412 279 comparatio
428 242 439 264 ι
469 226 564 279 quid
593 226 642 265 de
671 225 802 265 dolore
829 226 1033 266 dicemus?
1062 227 1174 277 cujus
1193 232 1302 266 tanta

181 289 373 321 tormenta
391 288 497 327 sunt,
528 287 573 318 ut
602 280 643 318 in
671 280 732 318 his
756 282 868 319 beata
886 281 965 320 vita
984 281 1169 333 (simodo
1193 281 1302 320 dolor

181 348 383 379 summum
412 335 563 376 malum
597 333 670 384 est)
708 348 788 373 esse
811 348 889 373 non
919 335 1052 387 possit.
1082 336 1173 387 Ipse
1197 336 1302 374 enim

182 389 443 437 Metrodorus,
474 401 584 441 paene
603 390 698 427 alter
723 389 932 440 Epicurus,
952 391 1112 428 beatum
1139 403 1217 428 esse
1236 390 1302 429 de-

182 444 312 485 scribit
330 444 388 482 his
407 443 485 482 fere
503 443 651 482 verbis:
684 445 713 465 ‘⁶
729 456 819 481 cum
847 456 983 495 corpus
1003 445 1099 482 bene
1117 443 1302 482 constitu-

181 506 268 541 tum
287 498 350 546 sit,
372 505 409 536 et
427 498 476 536 sit
495 497 752 549 exploratum,
767 497 822 535 ita
839 497 1059 535 futurum.”
1087 498 1157 536 An
1175 497 1215 535 id
1234 510 1303 536 ex-

180 552 376 604 ploratum
396 552 579 603 cuiquam
598 559 722 603 potest
740 564 833 600 esse,
854 565 931 603 quo
960 551 1076 590 modo
1094 564 1173 590 sese
1190 552 1302 590 habi-

182 616 316 646 turum
337 606 385 644 sit
403 619 552 657 corpus,
574 618 651 645 non
671 606 754 644 dico
772 606 822 643 ad
840 619 1001 654 annum,
1018 606 1083 644 sed
1101 605 1151 644 ad
1169 619 1301 658 vespe-

182 674 266 699 ram
283 663 301 700 ?
331 659 453 699 Dolor
470 660 602 711 igitur,
622 660 663 698 id
681 668 736 699 est
755 673 953 698 summum
967 661 1131 708 malum,
1150 668 1300 699 metue-

183 722 248 754 tur
272 728 435 766 semper,
456 715 572 752 etiam
597 715 629 753 si
656 727 733 753 non
758 714 902 752 aderit:
930 716 1013 764 jam
1039 715 1143 753 enim
1168 713 1301 752 adesse

182 769 332 821 poterit.
370 769 454 817 Qui
490 776 615 820 potest
649 768 767 821 igitur
802 768 978 808 habitare
1008 768 1050 807 in
1081 766 1193 808 beata.
1225 767 1303 807 vita

182 823 328 862 summi
344 823 440 862 mali
457 826 615 862 metus?

239 877 438 938 Traditur,
458 877 600 929 inquit,
621 879 669 916 ab
688 877 860 929 Epicuro
879 877 975 916 ratio
993 877 1213 929 negligendi
1231 877 1300 917 do-

183 932 286 970 loris.
313 932 344 970 J
346 945 410 970 am
420 931 550 983 ipsum
562 931 788 981 absurdum,
801 932 1020 970 maximum
1039 933 1188 970 malum
1206 945 1300 984 neg-

182 986 280 1038 ligi:
311 985 376 1025 sed
405 999 492 1037 quae
517 986 673 1024 tandem
702 986 774 1024 ista
803 986 899 1024 ratio
936 989 1022 1025 est?
1053 989 1081 1009 “
1095 986 1300 1024 Maximus

181 1041 333 1089 dolor,''
352 1040 493 1092 inquit,
515 1042 543 1062 “
559 1040 682 1078 brevis
702 1048 768 1078 est.
773 1040 798 1057 ”
828 1040 1021 1088 Primum,
1038 1040 1133 1092 quid
1147 1047 1190 1078 tu
1209 1040 1302 1079 dicis

183 1095 298 1134 breve
315 1097 332 1133 Ρ
374 1094 511 1132 deinde
553 1094 724 1132 dolorem
760 1106 877 1146 quem
916 1094 1135 1132 maximum
1148 1096 1167 1133 ?
1206 1093 1302 1147 quid

184 1149 323 1188 enim?
352 1161 529 1187 summus
557 1148 664 1186 dolor
695 1148 823 1199 plures
852 1147 931 1186 dies
956 1161 1110 1187 manere
1135 1160 1211 1187 non
1234 1161 1304 1200 po-

183 1203 284 1242 test?
313 1202 413 1250 vide,
444 1215 493 1240 ne
519 1202 633 1241 etiam
655 1214 828 1240 menses:
859 1202 932 1240 nisi
954 1202 1052 1254 forte
1074 1215 1164 1241 eum
1194 1202 1301 1252 dicis,

183 1258 266 1309 qui,
287 1257 403 1297 simul
422 1264 537 1308 atque
556 1256 730 1308 arripuit,
750 1256 939 1295 interficit.
969 1256 1069 1305 Quis
1097 1257 1213 1296 istum
1234 1256 1304 1295 do-

183 1311 305 1351 lorem
324 1311 434 1350 timet
448 1313 466 1349 ?
497 1310 617 1349 Illum
645 1311 802 1349 mallem
829 1311 986 1359 levares,
1007 1324 1085 1363 quo
1111 1311 1304 1364 optimum

184 1374 301 1418 atque
319 1365 643 1404 humanissimum
663 1366 804 1411 virum,
827 1365 901 1403 Cn.
922 1365 1146 1414 Octavium,
1174 1365 1236 1404 M.
1253 1366 1302 1405 F.

184 1420 416 1459 familiarem
445 1433 593 1469 meum,
615 1420 748 1458 confici
767 1419 869 1457 vidi:
899 1432 969 1458 nec
983 1433 1070 1458 vero
1085 1420 1218 1467 semel,
1234 1432 1304 1460 nec

185 1475 236 1513 ad
251 1476 363 1514 breve
382 1482 548 1526 tempus,
566 1474 631 1512 sed
646 1482 682 1512 et
697 1487 795 1525 saepe
813 1474 941 1525 plane,
955 1481 993 1512 et
1003 1473 1082 1512 diu.
1104 1473 1214 1522 Quos
1224 1474 1305 1523 ine,

188 1529 278 1581 (Dii
295 1529 530 1567 immortales
545 1528 576 1578 !)
608 1541 696 1567 cum
709 1541 842 1567 omnes
861 1536 965 1567 artus
984 1528 1116 1567 ardere
1134 1528 1309 1567 videren-

187 1591 265 1632 tur,
279 1583 466 1622 cruciatus
481 1583 720 1635 perferebat?
750 1595 818 1621 nec
836 1591 965 1621 tamen
977 1583 1091 1621 miser
1106 1595 1199 1630 esse,
1215 1583 1309 1635 quia

188 1650 387 1676 summum
406 1638 447 1676 id
464 1638 613 1676 malum
633 1650 710 1675 non
737 1644 830 1686 erat,
851 1637 1121 1675 tantummodo
1145 1637 1308 1676 laborio-

187 1705 266 1740 sus,
287 1692 498 1731 videbatur.
526 1693 585 1730 At
612 1692 741 1739 miser,
765 1691 813 1740 si,
840 1691 882 1730 in
900 1691 1037 1731 vitiosa
1065 1698 1103 1730 et
1120 1691 1308 1743 flagitiosa

187 1746 281 1794 vita,
303 1746 474 1784 afflueret
493 1747 765 1798 voluptatibus.

240 1801 404 1839 XXIX.
435 1800 553 1849 Quod
578 1809 707 1839 autem
732 1813 920 1852 magnum
948 1799 1118 1839 dolorem
1136 1803 1307 1851 brevem,

187 1855 447 1907 longinquum
482 1855 620 1901 levem,
659 1868 738 1894 esse
774 1854 913 1902 dicitis,
943 1854 985 1893 id
1013 1867 1092 1893 non
1118 1855 1307 1908 intelligo,

187 1909 301 1961 quale
327 1909 386 1947 sit.
420 1909 541 1948 Video
567 1909 669 1947 enim
701 1916 738 1947 et
764 1922 939 1960 magnos,
974 1916 1011 1948 et
1032 1909 1185 1948 eosdem
1212 1911 1310 1950 bene

185 1963 416 2015 longinquos
435 1963 596 2011 dolores,
617 1977 782 2024 quorum
801 1963 876 2002 alia
895 1963 1067 2003 toleratio
1085 1971 1143 2003 est
1160 1964 1308 2011 verior;

186 2031 267 2069 qua
295 2018 354 2056 uti
372 2030 438 2056 vos
468 2030 544 2057 non
563 2018 732 2070 potestis,
753 2018 821 2070 qui
839 2018 1107 2056 honestatem
1096 2031 1219 2069 lpsam
1241 2032 1310 2070 per

188 2085 228 2110 se
246 2084 324 2110 non
341 2072 490 2111 amatis.
520 2072 772 2111 Fortitudinis
797 2071 976 2124 quaedam
994 2080 1182 2124 praecepta
1202 2080 1306 2122 sunt,

188 2139 233 2165 ac
251 2139 360 2178 paene
378 2127 494 2178 leges,
516 2140 603 2179 quae
632 2126 844 2165 effeminari
876 2126 1004 2165 virum
1030 2133 1159 2165 vetant
1176 2126 1215 2164 in
1239 2126 1309 2166 do-

188 2181 292 2219 lore:
324 2183 576 2233 quamobrem
606 2189 719 2233 turpe
754 2180 972 2233 putandum
1007 2188 1078 2230 oet,
1110 2192 1188 2219 non
1224 2180 1309 2220 dieo

186 2234 313 2276 dolere
338 2238 447 2281 (nam
480 2236 521 2275 id
550 2236 708 2288 quidem
739 2244 796 2276 est
817 2235 1013 2275 interdum
1039 2231 1309 2288 necesse)‚sed
