1456 2396
197 90 279 130 326
319 87 808 128 ACADEMICORUM
829 88 929 127 Lm.
943 89 1003 128 ΙΙ.
1024 87 1130 128 CAP.
1143 89 1210 128 31.

191 210 262 239 nec
278 197 438 249 reperio,
455 196 649 248 quomodo
663 195 849 246 judicem,
866 197 909 236 Si
921 197 1038 245 lucet,
1052 197 1168 246 lucet,
1184 208 1319 236 verum

192 265 286 301 esse,
315 254 364 290 ob
393 263 478 289 eam
506 262 675 297 causam,
706 251 811 301 quod
835 251 890 288 ita
914 251 1044 299 didici,
1067 264 1196 299 omne,
1216 250 1322 302 quod

190 307 321 357 ipsum
340 318 388 343 ex
403 317 442 342 se
457 316 674 342 connexum
689 304 750 353 sit,
767 317 901 343 verum
917 318 1015 344 esse:
1041 317 1119 344 non
1135 304 1321 354 judicem,

191 361 235 400 Si
261 359 448 405 mentiris,
474 358 662 405 mentiris,
686 358 820 397 eodem
841 358 958 397 modo
984 372 1063 398 esse
1089 371 1320 398 connexum.

191 415 279 453 Aut
297 413 415 465 igitur
433 413 506 450 hoc
525 419 562 450 et
579 412 704 460 illud;
733 420 815 461 aut,
842 413 915 451 nisi
939 414 1026 463 hoc,
1050 426 1099 452 ne
1116 413 1216 452 illud
1234 412 1323 464 qui-

190 469 280 508 dem
295 467 488 518 judicabo.

245 522 410 561 XXXI.
452 521 542 569 Sed,
575 528 621 560 ut
652 534 784 560 omnes
816 522 907 560 istos
939 522 1104 571 aculeos,
1133 529 1171 560 et
1197 528 1323 561 tntum

190 585 410 616 tortuosum
437 588 557 627 genus
585 576 806 627 disputandi
838 577 1116 629 relinquamus,
1149 575 1324 614 ostenda-

193 645 373 697 musque,
399 631 467 682 qui
493 630 636 668 simus:
669 632 766 680 jam,
795 631 985 682 explicata
1009 631 1091 669 tota
1117 630 1326 669 Carneadis

195 686 396 732 sententia,
416 684 650 723 Antiochia
640 694 712 723 ista
726 693 901 723 corruent
916 686 1104 724 universa.
1135 685 1221 724 Nec
1235 696 1324 723 vero

193 740 409 793 quidquam
427 739 481 777 113
499 739 638 786 dicam,
655 747 699 777 ut
714 739 920 801 quisquam
935 739 975 777 id
989 739 1086 791 fingi
1099 739 1323 791 suspicetur.

192 797 235 834 A
251 794 490 834 Clitomacho
509 807 676 841 sumam,
698 794 766 846 qui
784 807 906 845 usque
921 794 970 832 ad
985 800 1218 832 senectutem
1233 806 1324 832 cum

195 848 393 889 Carneade
411 848 499 893 fuit,
527 848 644 887 homo
667 856 704 887 et
728 855 876 897 acutus,
901 856 946 886 ut
971 849 1129 896 Poenus,
1156 857 1195 887 et
1213 848 1326 887 valde

194 904 386 944 studiosus
405 915 448 940 ac
467 902 653 954 diligens:
685 910 723 941 et
745 910 910 955 quatuor
937 904 1019 953 ejus
1044 903 1134 942 libri
1159 910 1250 942 sunt
1275 903 1324 941 de

193 957 422 998 sustinendis
441 957 745 996 assensionibus.
776 957 858 995 haec
876 965 1021 1005 autem,
1046 971 1134 1009 quae
1156 959 1239 1007 jam
1266 957 1325 995 di-

195 1027 295 1060 cam,
316 1018 406 1051 sunt
421 1019 549 1050 sumta
563 1011 610 1049 de
624 1012 762 1063 primo.
792 1011 885 1050 Duo
899 1012 1024 1063 placet
1040 1025 1119 1050 esse
1134 1012 1326 1051 Carneadi

193 1081 334 1121 genera
351 1067 544 1104 visorum.
575 1066 616 1103 in
643 1079 721 1104 uno
744 1065 844 1104 hanc
869 1066 1109 1113 divisionem,
1129 1066 1226 1105 Alia
1244 1066 1326 1105 visa

193 1136 286 1171 esse,
307 1135 394 1173 quae
418 1119 562 1172 percipi
587 1121 745 1181 possint,
773 1120 849 1158 alia
874 1134 962 1172 quae
987 1133 1064 1159 11011
1083 1121 1252 1172 possint:
1283 1121 1324 1159 in

191 1178 310 1216 altero
329 1183 473 1221 autem,
490 1173 585 1211 Alia
602 1174 683 1212 visa
702 1187 780 1212 esse
798 1175 1025 1226 probabilia,
1046 1175 1123 1212 alia
1139 1187 1218 1213 non
1236 1188 1325 1237 pro-

190 1230 344 1271 habilia.
375 1229 528 1280 Itaque,
542 1242 630 1279 quae
649 1236 779 1267 contra
794 1241 938 1276 sensus,
960 1237 1166 1281 contraque
1180 1230 1326 1282 perspi-

192 1286 388 1331 euitatem,
410 1283 598 1331 dicantur,
620 1295 664 1321 ea
686 1284 874 1334 pertinere
897 1283 947 1321 ad
972 1283 1206 1335 superiorem
1228 1284 1326 1322 divi-

191 1341 359 1379 sionem:
382 1345 512 1376 contra
526 1337 771 1388 posteriorem
784 1337 882 1376 nihil
893 1337 968 1376 dici
979 1345 1163 1390 oportere.
1192 1338 1325 1387 Quare

192 1396 247 1434 ita
264 1394 427 1446 placere,
448 1392 524 1430 tale
543 1391 668 1430 visum
688 1393 842 1430 nullum
858 1405 950 1441 esse,
970 1401 1016 1430 ut
1030 1392 1221 1444 perceptio
1235 1406 1326 1432 con-

193 1455 435 1501 sequeretur;
457 1454 501 1484 ut
513 1454 643 1484 autem
654 1447 842 1498 probatio,
856 1447 994 1485 multa.
1021 1447 1180 1485 Etenim
1196 1456 1327 1487 contra

192 1512 372 1542 naturam
398 1509 506 1549 esset,
535 1500 566 1538 si
591 1502 789 1552 probabile
815 1501 912 1539 nihil
938 1509 1057 1540 esset·
1090 1509 1128 1540 et
1152 1502 1326 1554 sequitur

193 1557 318 1597 01111115
343 1557 432 1594 vitae
458 1568 515 1601 ea,
543 1568 663 1606 quam
689 1564 746 1604 tu,
773 1556 953 1603 Luculle,
983 1558 1325 1605 commemorabas,

193 1611 347 1651 eversio.
384 1611 523 1661 Itaque
543 1618 579 1648 et
598 1610 770 1649 sensibus
784 1610 983 1662 probanda
995 1611 1121 1649 multa
1134 1619 1245 1650 sunt·
1270 1619 1327 1650 te-

191 1676 327 1705 neatur
345 1664 460 1702 modo
480 1663 591 1711 illud,
619 1676 698 1703 non
717 1665 838 1704 inesse
861 1665 903 1702 111
922 1665 982 1703 1115
1000 1665 1216 1717 quidquam
1235 1667 1325 1715 tale,

190 1720 305 1773 quale
317 1731 394 1757 non
410 1718 526 1756 etiam
541 1692 698 1766 falsum,
712 1719 810 1757 nihil
824 1721 873 1758 ab
886 1733 930 1758 eo
942 1719 1133 1768 differens,
1147 1733 1226 1758 oese
1239 1734 1328 1772 pos-

191 1776 250 1814 sit.
291 1774 366 1818 Sic,
389 1772 580 1824 quidquid
599 1747 775 1812 acciderit
794 1774 916 1825 specie
934 1774 1145 1825 probabile,
1171 1774 1203 1813 51
1227 1775 1327 1813 1111111

191 1843 231 1869 50
245 1828 389 1874 offeret,
411 1827 515 1878 quod
534 1827 582 1864 511
603 1829 863 1890 probabilitati
887 1829 945 1866 illi
970 1828 1218 1875 contrarium,
1242 1837 1327 1868 ute-

192 1892 256 1922 tur
275 1895 318 1920 eo
337 1881 506 1940 sapiens:
535 1894 578 1919 ac
601 1883 653 1920 sic
672 1883 797 1921 omnis
816 1883 912 1922 ratio
932 1882 1018 1921 vitae
1036 1883 1326 1934 gubernabitur.

192 1937 352 1977 Etenim
384 1949 416 1973 is
446 1948 613 1987 quoque,
645 1938 714 1988 qui
744 1951 767 1975 a
795 1938 901 1976 vobis
934 1937 1084 1989 sapiens
1116 1937 1325 1987 inducitur,

192 1993 318 2031 multa
344 1990 515 2042 sequitur
541 1992 768 2041 probabilia,
795 2004 873 2030 non
896 1991 1182 2043 comprehensa,
1202 2005 1328 2045 neque

192 2052 383 2099 percepta,
411 2057 536 2096 neque
562 2057 725 2093 assensa,
747 2046 813 2085 sed
836 2046 976 2085 similia
1000 2046 1108 2093 veri3
1141 2060 1228 2100 quae
1252 2048 1327 2086 nisi

194 2103 344 2154 probet,
365 2099 490 2138 omnis
509 2099 588 2138 vita
607 2100 776 2139 tollatur.

247 2154 356 2204 Quid
389 2153 520 2192 enim.
510 2154 529 2180 ⁴>
572 2155 826 2193 conscendens
858 2168 996 2194 navem
1031 2156 1194 2208 sapiens,
1228 2168 1324 2195 num

193 2209 510 2263 comprehensum
530 2208 660 2248 animo
678 2209 793 2250 habet
812 2217 928 2262 atque
950 2219 1188 2264 perceptum,
1210 2223 1250 2250 se
1276 2224 1323 2249 ex
