1456 2396
221 55 705 98 ACADEMICORUM
726 56 825 96 L113.
842 56 901 96 ΙΙ.
922 56 1029 96 CAP.
1045 57 1084 95 8.
1143 56 1226 98 293

96 169 168 207 bus
186 178 256 205 nec
271 165 438 217 intelligi
456 165 686 218 quidquam,
707 177 777 204 nec
792 165 912 218 quaeri
931 173 999 205 aut
1016 165 1220 218 disputari,

147 228 231 259 test.

96 234 268 322 poQuod
286 273 318 312 si
336 280 459 312 essent
476 274 583 311 falsae
600 274 746 312 notitiae
772 276 919 318 (εννοιας
936 275 1040 313 enim
1060 273 1217 313 notitias

92 327 286 380 appellare
304 334 348 364 tu
367 328 560 374 videbare)
580 327 611 365 si
637 327 755 378 igitur
782 335 904 365 essent
928 329 990 366 hae
1009 329 1129 376 falsae,
1151 335 1219 366 aut

92 381 282 432 ejusmodi
300 381 388 419 visis
406 381 614 432 impressae,
636 382 766 432 qualia
785 380 864 419 visa
883 395 906 419 a
924 382 1030 421 falsis
1054 382 1219 420 discerni

91 449 168 474 non
187 442 367 487 possent3
399 448 476 487 quo
495 435 651 473 tandem
670 435 730 472 his
748 435 864 473 modo
884 444 1103 474 uteremur.
1093 438 1111 463 9
1139 449 1218 487 quo

91 491 207 529 modo
235 497 378 538 autem,
409 489 504 540 quid
531 489 669 540 cuique
696 489 750 527 rei
779 498 1076 528 consentaneum
1103 497 1214 539 esset,

91 544 187 595 quid
199 550 441 595 repugnaret,
455 543 670 586 videremus
683 545 700 581 ?
718 543 765 581 M
770 543 921 581 emoriae
933 545 1089 595 quidem
1102 552 1216 594 certe,

92 611 180 650 quae
198 610 276 636 non
293 597 410 635 modo
427 597 724 649 philosophiam,
745 598 811 635 sed
836 597 960 636 omnis
979 598 1067 636 vitae
1085 611 1216 648 usum,

91 665 301 703 omnesque
320 658 417 690 artes
435 664 514 689 una
531 651 702 689 maxime
727 651 907 699 continet,
934 652 1032 689 nihil
1059 653 1218 692 omnino

92 707 167 745 loci
179 706 418 757 relinquitur.
449 705 550 753 Quae
562 712 685 757 potest
700 706 802 743 enim
815 719 893 744 esse
907 706 1092 744 memoria
1102 707 1219 745 falso-

90 773 205 799 rum.
196 763 214 789 9
243 767 310 798 aut
329 759 424 811 quid
443 759 648 812 quisquam
663 760 854 808 meminit,
871 759 976 811 quod
990 772 1067 797 non
1083 761 1216 799 animo

91 814 395 876 comprehendit,
417 821 454 852 et
473 816 606 853 tenet?
635 814 715 852 Ars
742 827 830 852 vero
859 827 946 866 quae
971 821 1095 865 potest
1120 828 1213 863 esse,

91 869 166 907 nisi
196 882 284 930 quae
313 881 391 906 non
424 881 472 906 ex
501 868 582 906 una
610 875 678 906 aut
709 868 873 916 duabus,
906 868 971 906 sed
1004 882 1052 906 ex
1081 869 1219 907 multis

92 923 213 961 animi
239 922 545 974 perceptionibus
573 930 745 961 constat.
736 924 754 949 9
784 935 880 974 quas
907 922 938 960 si
967 923 1214 983 subtraxeris,

92 978 162 1028 qui
181 976 390 1027 distingues
410 977 593 1015 artificem
608 977 680 1015 ab
670 976 813 1015 inscio.
804 979 821 1004 9
851 989 928 1014 non
941 976 1044 1014 enim
1056 976 1215 1015 fortuito

91 1031 196 1069 hunc
214 1030 396 1069 artificem
415 1030 586 1069 dicemus
605 1044 697 1079 esse,
717 1031 830 1068 illum
850 1030 1101 1081 negabimus.
1133 1031 1213 1078 sed,

92 1098 182 1123 cum
208 1086 371 1123 alterum
396 1093 574 1137 percepta
599 1093 636 1123 et
661 1085 934 1136 comprehensa
958 1092 1086 1123 tenere
1111 1085 1217 1123 vide-

91 1151 194 1187 mus,
215 1139 379 1177 alterum
398 1152 476 1177 non
494 1140 614 1185 item3
645 1152 812 1191 cumque
831 1139 972 1177 artium
990 1139 1097 1176 aliud
1116 1140 1218 1188 ejus-

91 1194 199 1232 modi
217 1206 338 1244 genus
357 1193 419 1241 sit,
439 1201 483 1231 ut
502 1193 770 1231 tantummodo
796 1193 925 1231 animo
949 1206 1031 1231 rem
1057 1201 1213 1239 cernat3

92 1247 212 1295 aliud,
239 1255 285 1285 ut
308 1248 490 1285 moliatur
516 1248 664 1299 aliquid
689 1254 726 1285 et
754 1247 896 1292 faciat3
928 1247 1122 1299 quomodo
1147 1254 1216 1285 aut

92 1309 303 1352 geometres
321 1314 472 1339 cernere
491 1314 536 1339 ea
553 1309 690 1353 potest,
711 1314 798 1352 quae
817 1309 884 1338 aut
902 1302 1012 1339 nulla
1030 1308 1134 1348 sunt,
1147 1309 1216 1339 aut

92 1355 296 1393 intemosci
322 1369 344 1393 a
370 1356 474 1393 falsis
498 1368 576 1394 non
602 1363 789 1407 possunt3
820 1363 887 1393 aut
911 1355 957 1401 is,
979 1355 1048 1406 qui
1073 1355 1215 1394 fidibus

93 1409 228 1457 utitur,
250 1410 402 1461 explere
420 1422 614 1458 numeros,
635 1417 672 1447 et
691 1409 873 1448 conficere
892 1423 1021 1448 versus
1036 1411 1054 1448 ?
1097 1409 1216 1457 Quod

93 1464 196 1501 idem
229 1464 269 1501 in
303 1464 493 1502 similibus
520 1476 674 1515 quoque
699 1464 843 1502 artibus
869 1464 1088 1514 continget3
1119 1477 1216 1514 qua-

92 1530 181 1555 rum
201 1530 315 1556 omne
333 1531 430 1569 opus
449 1526 505 1556 est
523 1518 563 1556 in
583 1518 756 1556 faciendo
775 1525 891 1568 atque
909 1518 1068 1568 agendo.
1106 1517 1216 1565 Quid

94 1572 198 1610 enim
225 1579 294 1620 est,
322 1572 427 1623 quod
450 1579 530 1610 arte
555 1571 652 1610 effici
675 1572 808 1624 possit,
828 1572 902 1610 nisi
926 1571 973 1622 is,
1000 1571 1068 1624 qui
1093 1578 1216 1610 artem

93 1626 285 1675 tractabit,
305 1627 431 1664 multa
448 1627 657 1677 perceperit
671 1629 689 1665 ?

148 1680 273 1719 VIII.
304 1680 482 1718 Maxime
501 1693 589 1718 vero
607 1680 795 1718 virtutum
814 1680 980 1731 cognitio
999 1679 1214 1728 confirmat,

93 1734 237 1785 percipi
256 1741 294 1772 et
312 1734 582 1785 comprehendi
599 1735 726 1772 multa
743 1747 876 1785 posse:
907 1735 948 1772 in
967 1734 1109 1785 quibus
1128 1734 1217 1773 solis

93 1788 215 1826 inesse
234 1788 349 1826 etiam
369 1788 564 1826 scientiam
583 1788 772 1833 dicimus;
793 1801 912 1840 quam
931 1801 1000 1826 nos
1015 1800 1092 1826 non
1111 1801 1216 1826 com-

94 1842 385 1893 prehensionem
409 1843 526 1881 modo
550 1855 694 1890 rerum,
722 1843 787 1880 sed
813 1855 899 1881 eam
924 1842 1100 1880 stabilem
1119 1855 1217 1894 quo-

95 1909 172 1947 que
186 1902 302 1947 atque
313 1896 599 1935 immutabilem
619 1910 697 1935 esse
716 1909 912 1935 censemus
927 1910 937 1934 :
967 1896 1138 1947 itemque
1156 1910 1217 1934 sa-

95 1950 295 2000 pientiam,
326 1957 448 1988 artem
477 1950 644 2000 vivendi,
676 1964 764 2002 quae
791 1951 876 2002 ipsa
901 1963 948 1988 ex
974 1963 1053 1988 saee
1077 1951 1218 1988 habeat

96 2004 362 2042 constantiam.
400 2004 463 2043 Ea
491 2013 622 2043 autem
652 2005 863 2043 constantia
892 2004 924 2042 si
953 2004 1051 2041 nihil
1079 2003 1218 2042 habeat

95 2058 264 2109 percepti
291 2064 329 2096 et
357 2058 513 2109 cogniti,
548 2072 691 2110 quaero,
718 2058 822 2097 unde
847 2065 937 2096 nata
961 2058 1022 2104 sit,
1050 2067 1088 2095 et
1120 2070 1217 2108 quo-

95 2111 212 2150 modo
229 2114 247 2151 ,9
294 2111 439 2159 Quaero
468 2112 597 2161 etiam,
632 2113 698 2152 ille
727 2113 786 2150 vir
814 2114 952 2159 bonus,
985 2111 1053 2162 qui
1084 2111 1217 2149 statuit

97 2178 254 2207 omnem
279 2166 490 2207 cruciatum
514 2167 694 2220 perferre,
724 2166 953 2259 intplergbili
970 2165 1101 2205 dolore
1118 2165 1217 2204 lace-

821 2231 846 2259 c
