1456 2396
133 36 215 75 346
260 35 747 77 ACADEMICORUM
766 35 868 76 Lm.
881 34 941 75 ΙΙ.
962 33 1070 75 CAP.
1082 34 1148 80 47-

135 157 215 184 0550
239 145 399 195 judicii:
435 145 541 184 aliud
567 145 743 198 Epicuri,
772 145 841 198 qui
867 156 981 184 omne
1004 142 1194 194 judicium
1218 141 1261 180 in

136 200 325 247 sensibus,
345 207 383 238 et
400 200 442 238 in
460 213 590 239 rerum
607 200 766 248 notitiis,
786 207 824 239 et
841 199 883 238 in
901 199 1111 251 voluptate,
1125 196 1265 237 consti

136 254 223 292 tuit.
266 255 380 292 Plato
404 262 535 293 autem
559 268 674 294 omne
697 254 889 305 judicium
915 252 1099 302 veritatis,
1126 250 1265 291 verita-

136 315 294 360 temque
320 309 459 370 ipsam,
489 309 694 348 abductam
722 311 771 347 ab
796 307 1040 370 opinionibus
1067 312 1105 345 et
1131 319 1155 344 a
1180 317 1268 343 sen-

138 363 259 410 sibus,
280 363 518 414 cogitationis
536 364 656 415 ipsius
674 371 711 402 et
725 363 864 401 mentis
878 375 956 400 esse
969 360 1103 400 voluit.
1132 359 1266 399 Num-

137 417 233 468 quid
251 417 392 455 horum
410 419 547 468 probat
564 426 690 457 noster
711 417 954 456 Antiochus
944 418 962 444 9
1003 415 1079 454 1110
1102 426 1192 453 vero
1215 425 1267 452 ne

138 472 332 520 majorum
347 471 504 523 quidem
519 486 688 511 suorum.
712 472 794 511 Ubi
809 471 912 509 enim
926 477 995 509 aut
1008 470 1265 508 Xenocratem

141 526 329 577 sequitur,
351 527 411 576 cuj
418 540 460 564 us
479 527 568 565 libri
587 534 676 565 sunt
695 526 741 564 de
759 526 904 564 ratione
927 523 1112 576 loquendi
1134 521 1265 570 multi,

138 587 177 618 et
208 581 380 618 multum
411 581 586 632 probati.
577 583 594 610 9
635 589 703 619 aut
733 581 863 632 ipsum
895 578 1160 626 Aristotelem,
1191 589 1270 629 quo

139 634 308 685 profecto
334 634 432 672 nihil
458 643 514 674 est
538 636 700 684 acutius,
726 634 826 673 nihil
849 633 1030 687 politius.
1019 635 1038 661 9
1075 631 1119 670 A
1143 631 1270 683 Chry-

139 688 249 740 sippo
268 689 407 740 pedem
425 702 631 742 nusquam.

193 743 375 782 XLVII.
411 744 495 792 Qui
525 758 614 796 ergo
647 743 872 783 Academici
903 741 1177 804 appellamur?
1216 752 1267 778 an

140 798 339 835 abutimur
357 798 480 849 gloria
498 799 685 838 nominis
676 802 692 827 9
720 806 787 837 0111
801 812 868 837 0111·
882 798 1055 849 cogimur
1069 808 1132 834 eos
1145 794 1268 847 sequi,

139 851 208 903 qui
233 852 331 890 inter
361 865 400 890 se
427 853 633 893 dissident.
624 856 641 881 9
685 854 735 892 In
763 853 835 891 hoc
863 853 961 904 ipso,
991 851 1096 903 quod
1122 850 1164 888 in
1192 849 1270 887 ele-

139 906 279 945 mentis
297 906 484 945 dialectici
502 908 652 956 docent,
673 921 751 959 quo
765 907 880 945 modo
897 906 1068 957 judicare
1082 910 1268 956 oporteat,

141 973 276 998 verum
305 960 498 1000 falsumne
525 963 587 1011 sit,
618 963 650 1000 si
678 961 773 1014 quid
799 962 854 1000 ita
881 972 1098 999 connexum
1127 966 1196 1007 est,
1225 964 1271 996 ut

141 1014 228 1062 hoc,
258 1014 300 1053 Si
319 1015 398 1053 dies
417 1023 486 1063 est,
506 1016 633 1062 lucet;
665 1023 811 1068 quanta
825 1014 1016 1054 contentio
1031 1014 1111 1052 est!
1142 1012 1272 1051 Aliter

142 1068 328 1117 Diodoto,
368 1070 476 1108 aliter
514 1071 685 1118 Philoni,
725 1070 942 1121 Chrysippo
982 1069 1093 1107 aliter
1133 1067 1271 1119 placet.

141 1122 283 1170 Quid?
313 1136 402 1161 cum
423 1124 623 1172 Cleanthe,
644 1125 796 1163 doctore
815 1137 898 1171 suo,
919 1136 1039 1176 quam
1062 1121 1197 1160 multis
1214 1133 1275 1159 re·

140 1179 214 1215 bus
233 1177 473 1229 Chrysippus
499 1178 686 1218 dissidet?
727 1176 861 1227 Quid.
852 1180 869 1206 9
899 1178 976 1216 (1110
1001 1177 1063 1216 vel
1083 1175 1274 1228 principes

140 1231 439 1281 dialecticorum,
468 1233 676 1285 Antipater
703 1240 742 1271 et
767 1231 1042 1280 Archidemus,
1076 1229 1276 1283 opiniosis-

142 1286 231 1323 simi
250 1286 438 1333 homines,
459 1299 586 1325 nonne
604 1287 766 1326 multis
756 1300 797 1326 m
817 1289 930 1325 rebus
948 1285 1201 1325 dissentiunt.
1190 1285 1209 1313 9

198 1340 308 1388 Quid
321 1353 384 1378 me
399 1341 531 1392 igitur,
548 1342 756 1390 Luculle,
745 1355 787 1379 1n
801 1341 1002 1389 invidiam,
1019 1348 1057 1379 et
1070 1347 1272 1391 tamquam

142 1394 184 1432 in
203 1395 439 1443 concionem,
461 1409 594 1435 vocas.
585 1399 602 1423 9
630 1404 667 1435 01
686 1396 858 1448 quidem,
879 1403 924 1434 ut
943 1394 1109 1434 seditiosi
1127 1392 1274 1432 tribuni

145 1449 282 1498 solent,
315 1450 464 1488 occludi
495 1453 671 1489 tabernas
695 1452 831 1501 jubes.
822 1453 840 1478 9
882 1450 975 1498 Quo
1002 1449 1106 1488 enim
1129 1455 1275 1500 spectat

143 1504 257 1551 illud,
279 1517 369 1542 cum
388 1504 548 1543 artificia
566 1505 649 1543 tolli
668 1505 836 1557 quereris
855 1518 879 1543 a
897 1504 1021 1551 nobis,
1041 1503 1115 1541 nisi
1132 1511 1178 1541 ut
1194 1502 1279 1554 opi-

145 1558 234 1596 fices
253 1558 516 1598 concitentur?
542 1560 611 1611 qui
630 1559 661 1598 si
680 1560 852 1611 undique
871 1571 1004 1598 omnes
1017 1556 1276 1619 convenerint,

144 1612 254 1651 facile
274 1620 405 1651 contra
426 1626 493 1652 vos
518 1614 793 1653 incitabuntur.
833 1613 1077 1665 Expromam
1102 1612 1276 1664 primum

143 1667 211 1704 illa
229 1666 429 1714 invidiosa,
451 1667 555 1720 quod
578 1681 640 1707 eos
668 1681 814 1717 01111105,
835 1669 904 1720 (1111
929 1668 969 1705 in
995 1666 1174 1705 concione
1200 1673 1278 1704 sta-

143 1723 257 1769 bunt,
278 1722 442 1770 exsules,
464 1735 603 1772 servos,
623 1724 776 1761 insanos
795 1735 872 1761 esse
891 1721 1046 1760 dicatis:
1075 1719 1212 1759 deinde
1227 1719 1278 1758 ad

143 1776 213 1814 ffla
226 1775 392 1824 veniam,
421 1790 508 1828 quae
530 1778 613 1827 jam
639 1790 716 1816 non
742 1777 792 1815 ad
814 1775 1120 1823 multitudinem,
1142 1774 1208 1813 sed
1225 1774 1277 1812 ad

145 1830 408 1882 vosmetipsos,
429 1831 496 1882 qui
522 1832 674 1879 adestis,
698 1831 902 1893 pertinent.
936 1831 1068 1882 Negat
1085 1829 1190 1868 enim
1208 1841 1276 1867 vos

145 1884 266 1946 Zeno,
281 1893 398 1936 negat
410 1886 643 1932 Antiochus,
657 1887 750 1925 scire
761 1863 1026 1938 quidquam?
1027 1884 1120 1945 Quo
1130 1882 1277 1922 modo?

145 1939 323 1991 inquies:
364 1952 434 1978 nos
464 1940 567 1978 enim
599 1940 856 1991 defendimus,
889 1940 1007 1980 etiarn
1033 1938 1277 1991 insipientem

145 1994 273 2031 multa
291 1994 623 2056 comprehendere.

197 2048 258 2085 At
285 2048 379 2087 scire
402 2049 549 2101 negatis
573 2062 812 2102 quemquam
842 2062 924 2088 rem
953 2048 1093 2097 ullam,
1116 2046 1192 2086 0151
1215 2059 1277 2086 sa-

142 2103 339 2154 pientem:
380 2110 418 2142 et
449 2104 522 2142 hoc
554 2104 713 2157 quidem
747 2105 853 2143 Zeno
880 2110 989 2156 gestu
1019 2101 1271 2142 conficiebatz

140 2169 247 2205 nam,
266 2169 371 2208 cum,
391 2158 556 2199 extensis
578 2158 722 2212 digitis,
745 2159 943 2199 adversam
967 2169 1132 2198 manum
1149 2162 1277 2197 osten-
