1456 2396
185 66 241 106 90
528 60 766 112 TOPICA,
788 59 894 101 CAP.
915 61 981 101 20.

183 171 406 212 faciendam
418 170 548 210 fidem.
579 171 748 211 Persona
767 179 897 210 autem
925 182 1002 209 non
1022 164 1319 222 qualiscumque

184 227 395 266 testimonii
420 225 572 278 pondus
589 226 731 265 habet.
763 225 812 264 ad
840 224 1060 264 faciendam
1079 223 1185 261 enim
1202 223 1323 262 fidem

187 282 392 320 auctoritas
407 280 620 332 quaeritur·
652 280 717 319 sed
736 280 1003 318 auctoritatem
1022 285 1091 316 aut
1105 284 1244 316 natura
1257 286 1326 316 aut

190 344 344 398 tempus
358 335 479 374 affert.
500 335 542 373 N
544 341 664 373 aturae
678 334 882 373 auctoritas
893 334 934 372 in
947 333 1089 371 virtute
1102 331 1202 370 inest
1213 344 1328 370 max

189 391 294 429 ime:
324 390 366 428 in
398 397 570 451 tempore
596 396 728 428 autem
758 389 884 427 multa
915 395 1021 437 sunt,
1051 399 1141 438 quae
1167 385 1327 425 afferant

192 445 475 493 auctoritatem,
509 444 724 496 ingenium,
758 455 865 495 opes,
901 450 1005 489 aetas,
1044 440 1214 489 fortuna,
1252 453 1328 489 ars,

192 513 302 548 usus,
334 499 549 546 necessitas,
583 497 780 537 concursio
814 497 931 535 etiam
961 507 1246 547 nonnunquam
1271 507 1331 534 re-

193 567 283 592 rum
308 553 570 592 fortuitarum.
615 553 722 591 Nam
744 560 781 590 et
800 550 1032 602 ingeniosos,
1053 557 1093 588 et
1114 549 1331 601 opulentos,

194 616 233 647 et
265 607 387 647 aetatis
413 607 535 660 spatio
566 609 759 658 probatos,
789 606 855 657 dig
838 618 940 652 nos,
972 604 1115 656 quibus
1143 603 1332 653 credatur,

194 669 363 725 putant·
394 674 473 701 non
492 669 593 700 recte
611 661 794 705 fortasse3
826 659 892 698 sed
910 658 1020 710 vulgi
1039 657 1171 710 opinio
1188 658 1333 697 mutari

200 718 268 756 vix
285 723 435 769 potest3
465 715 515 754 ad
534 728 697 777 fflrnque
723 714 855 753 omnia
880 713 1054 765 dirigunt
1081 719 1120 751 et
1140 712 1210 765 qui
1228 712 1335 763 judi-

198 779 303 821 cant,
333 778 372 810 et
395 770 463 822 qui
488 770 722 809 existimant.
753 768 836 817 Qui
862 768 967 806 enim
994 767 1054 806 his
1082 768 1211 816 rebus,
1236 780 1335 820 quas

200 826 298 874 dixi,
319 825 558 873 excellunt,
548 837 633 876 lpsa
657 824 798 862 virtute
825 822 1004 862 videntur
1022 821 1220 861 excellere.
1259 821 1338 861 Sed

198 880 358 942 reliquis
372 892 529 941 quoque
543 881 670 927 rebus,
684 891 781 930 quas
796 877 914 916 modo
925 876 1164 923 enumeravi,
1181 879 1338 929 (quam-

200 947 322 987 quam
340 934 381 972 in
398 934 445 972 iis
464 933 574 972 nulla
592 933 733 995 species
748 931 900 971 virtutis
913 938 986 979 est)
1002 939 1134 970 tamen
1143 930 1339 970 interdum

202 989 454 1028 confirmatur
473 988 582 1036 fidoe,
603 987 634 1026 si
646 995 714 1026 aut
728 999 789 1025 ars
803 985 984 1039 quaedam
996 985 1202 1025 adhibetur
1213 988 1341 1038 (mag-

203 1056 256 1082 na
286 1044 392 1082 enim
425 1050 482 1081 oet
508 1042 580 1089 vis,
608 1041 657 1080 ad
686 1040 1013 1094 persuadendum,
1045 1039 1244 1088 scientiae),
1273 1046 1343 1079 aut

203 1111 324 1144 usus;
354 1098 588 1150 plerumque
607 1096 712 1135 enim
730 1095 926 1135 creditur
915 1095 977 1143 iis,
998 1094 1068 1147 qui
1081 1095 1229 1147 experti
1239 1101 1343 1133 sunt.

258 1151 357 1192 XX.
387 1151 498 1190 Facit
531 1151 648 1189 etiam
678 1150 882 1190 necessitas
909 1149 1042 1197 fidem,
1072 1162 1174 1202 quae,
1203 1161 1293 1188 cum
1320 1161 1346 1187 a

202 1207 441 1259 corporibus,
462 1214 549 1244 tum
568 1207 616 1244 ab
637 1205 792 1254 animis,
808 1203 989 1243 nascitur.
1020 1203 1130 1242 Nam
1153 1212 1193 1243 et
1210 1205 1342 1243 verbe-

203 1262 327 1323 ribus,
347 1260 563 1307 tormentis,
584 1259 667 1312 igni
685 1258 838 1311 fatigati
855 1271 944 1311 quae
962 1257 1112 1306 dicunt,
1133 1269 1178 1296 ea
1195 1257 1346 1297 videtur

206 1316 345 1355 veritas
357 1315 440 1367 ipsa
451 1314 603 1360 ᾱιοειες
634 1321 689 1362 et,
705 1327 794 1366 quae
813 1326 837 1352 a
853 1312 1209 1374 perturbationibus
1223 1312 1346 1352 animi

207 1377 311 1432 sunt,
332 1369 477 1417 dolore,
499 1368 722 1420 cupiditate,
743 1367 958 1416 iracundia,
971 1374 1096 1429 metu,
1112 1366 1207 1420 quia
1216 1379 1346 1406 noees-

209 1424 330 1463 sitatis
357 1425 439 1463 vim
466 1423 625 1471 habent,
656 1422 823 1461 afferunt
856 1422 1121 1461 auctoritatem
1147 1429 1186 1460 et
1213 1421 1345 1461 fidem.

209 1479 334 1529 Cujus
347 1477 496 1530 generis
511 1478 627 1517 etiam
639 1477 708 1516 illa
722 1484 827 1526 sunt,
844 1489 893 1516 ex
907 1477 1051 1529 quibus
1061 1487 1344 1569 nonnunquam

207 1546 344 1573 verum
362 1532 572 1581 invenitur,
592 1532 772 1584 pueritia,
792 1543 966 1593 somnus,
986 1530 1261 1583 imprudentia,
1286 1531 1346 1570 vi-

207 1587 425 1635 nolentia,
415 1587 576 1625 insania.
625 1586 734 1625 Nam
760 1594 798 1626 es
824 1585 948 1648 pueri
960 1598 1062 1638 saepe
1079 1584 1346 1625 indicavenmt

208 1641 373 1694 aliquid,
393 1641 443 1679 ad
461 1641 566 1693 quod
584 1641 804 1694 pertineret,
825 1639 980 1693 ignati;
1009 1646 1048 1679 et
1060 1652 1129 1692 per
1146 1651 1344 1690 somnum,

208 1696 362 1744 vinum,
381 1695 588 1744 insaniam,
604 1696 732 1734 multa
742 1708 844 1747 saepe
861 1693 1054 1747 patefacta
1068 1700 1170 1733 sunt.
1215 1693 1343 1734 Mula·

209 1750 327 1789 etiam
344 1750 386 1788 ιιι
404 1763 464 1789 res
483 1749 633 1789 odiosas
660 1749 925 1802 imprudentes
943 1749 1176 1797 inciderunt,
1195 1756 1241 1788 ut
1257 1749 1346 1790 Sta-

209 1805 297 1844 leno
316 1817 440 1856 nuper
459 1804 625 1850 accidit;
656 1805 725 1856 qui
751 1817 797 1843 ω
819 1804 973 1843 locutus
1001 1810 1072 1852 est,
1102 1802 1231 1848 (bonis
1254 1803 1347 1845 viris

209 1859 604 1906 subauscultantibus,
614 1859 759 1911 pariete
770 1858 1011 1910 interposito)
1023 1857 1166 1920 quibus
1179 1858 1347 1910 patefac-

210 1913 276 1963 tis,
295 1913 338 1952 ιιι
359 1913 630 1966 judiciumque
655 1913 828 1965 prolatis,
848 1913 904 1951 rei
929 1913 1103 1964 capitalis
1124 1912 1214 1962 jure
1231 1911 1345 1952 dam-

211 1975 328 2007 natus
361 1975 430 2006 est.
469 1967 575 2006 Huic
606 1968 732 2007 simile
757 1967 943 2020 quiddam
973 1967 1022 2005 de
1052 1966 1347 2009 Laoedaem0nio

213 2022 411 2061 Pausania
429 2022 657 2073 accepimus.

269 2076 480 2116 Concursio
499 2085 629 2115 autem
649 2076 896 2116 fortuitorum
910 2075 998 2116 talis
1017 2084 1088 2126 est,
1103 2083 1162 2124 ut,
1180 2075 1212 2114 si
1229 2076 1347 2117 inter-

213 2139 374 2170 ventum
393 2139 449 2170 est
467 2143 572 2178 casu,
593 2144 682 2170 cum
701 2139 769 2170 aut
783 2139 961 2183 ageretur
974 2131 1123 2183 aliquid
1137 2130 1243 2183 quod
1256 2145 1346 2184 pro-

213 2185 419 2225 ferendum
451 2197 530 2225 non
560 2194 669 2236 esset,
700 2194 765 2226 aut
794 2186 995 2226 diceretur.
1040 2186 1090 2226 In
1114 2186 1187 2226 hoc
1209 2198 1347 2238 genere
