1456 2396
285 88 365 130 DE
392 89 1230 140 F1N1BUS,L11³.1.CA1³.7.357

97 211 191 238 rem.
221 198 298 247 Ita,
318 211 407 250 quae
423 205 568 248 mutat,
596 212 642 237 ea
660 199 896 261 corrumpit:
912 212 1027 261 quae·
1040 199 1227 251 sequitur,

98 260 189 291 sunt
212 260 293 291 tota
317 252 558 299 Democriti;
589 254 723 301 atomi,
752 254 881 303 inane,
910 254 1112 306 imagines,
1141 267 1231 305 quae

90 307 196 345 idola
224 306 440 354 nominant,
472 321 639 359 quorum
669 308 885 346 incursione
910 320 989 347 non
1014 308 1140 347 solum
1170 308 1227 346 vi-

95 361 270 410 deamus,
299 361 366 399 sed
383 362 499 400 etiam
518 362 754 413 cogitemus:
785 362 988 401 infinitio
976 376 1073 414 1psa,
1106 375 1229 414 quam

93 421 218 468 Απειξι
222 432 263 455 ιν
282 424 431 465 vocant,
452 424 532 455 tota
550 418 598 454 ab
617 416 685 454 illo
710 424 788 454 est:
820 425 906 454 tum
930 417 1231 456 innumerabiles

95 469 248 518 mundi,
277 470 347 522 qui
372 479 409 509 et
434 471 605 509 oriantur
630 479 668 509 et
692 471 881 509 intereant
900 471 1084 523 quotidie.
1126 471 1230 520 Quae

95 524 164 562 etsi
182 525 281 562 1111111
295 525 404 563 11ι1110
418 525 534 564 modo
548 527 775 577 probantur,
795 534 926 563 tamen
942 525 1228 573 Democritum,

95 577 299 617 laudatum
324 592 348 617 a
372 580 530 627 caeteris,
558 581 606 618 ab
632 580 705 618 hoc
729 580 799 631 qui
824 593 914 618 eum
934 593 1059 619 unum
1078 589 1230 619 secutus

97 641 168 681 est,
193 634 338 672 nollem
358 635 630 686 vituperatum.

151 687 254 726 VII.
283 689 379 727 Jam
408 689 449 727 in
479 689 599 727 altera
626 688 881 741 philosophiae
905 696 1028 741 parte,
1059 703 1146 742 quae
1176 695 1233 728 est

97 743 295 794 quaerendi
312 756 356 782 ac
375 743 596 789 disserendi,
618 757 706 795 quae
724 750 858 791 Ao-flun
885 743 1038 791 dicitur,
1059 746 1129 783 iste
1148 757 1231 782 ves-

96 803 154 834 ter
182 798 311 849 plane,
343 806 387 835 ut
414 798 512 836 mihi
537 798 696 849 quidem
715 797 880 845 videtur,
914 798 1071 836 inermis
1091 812 1134 837 ac
1153 811 1230 836 nu·-

96 850 170 889 dus
200 859 268 890 est.
309 852 434 890 Tollit
458 852 722 891 definitionae:
754 852 852 890 nihil
883 852 931 891 de
955 852 1162 891 dividendo
1187 866 1231 891 ac

95 906 296 957 partiendo
314 907 447 946 docet:
476 920 569 954 non,
591 920 669 959 quo
687 906 803 945 modo
823 906 1009 945 efficiatur
1027 907 1232 946 concluda-

96 967 237 1012 turque
256 961 366 1010 ratio,
387 961 526 1000 tradit:
550 974 643 1008 non,
664 962 743 1013 qua
758 961 820 999 via
836 962 1004 1013 captiosa
1018 963 1230 1009 solvantur,

96 1015 280 1067 ambigua
305 1016 606 1068 distinguantur,
634 1015 810 1054 ostendit.
852 1015 1011 1054 ,Iudicia
1036 1029 1165 1054 rerum
1191 1016 1231 1054 in

95 1070 269 1109 sensibus
286 1071 421 1123 ponit,
411 1085 420 1094 ·
443 1071 584 1122 quibus
605 1071 636 1109 si
656 1071 774 1109 semel
789 1070 937 1122 aliquid
956 1070 1041 1109 falsi
1056 1084 1127 1123 pro
1142 1084 1232 1109 vero

95 1126 302 1176 probatum
323 1126 385 1173 sit,
407 1126 604 1164 sublatum
631 1138 710 1164 esse
735 1137 851 1163 omne
872 1125 1065 1174 judicium
1091 1126 1171 1164 veri
1196 1133 1234 1164 et

95 1179 183 1217 falsi
202 1188 325 1231 putat.
376 1179 446 1230 [In
467 1180 578 1218 tertia
598 1193 686 1218 vero
706 1188 826 1231 parte,
848 1193 936 1231 quae
955 1188 1011 1219 est
1030 1180 1078 1218 de
1097 1181 1177 1218 vita
1195 1188 1234 1218 et

96 1234 315 1282 moribus,'
304 1247 346 1272 111
366 1235 633 1273 constitutione
659 1234 760 1282 finis,
789 1234 843 1272 nil
869 1247 1097 1286 generosum
1117 1235 1231 1296 sapit,

97 1295 214 1340 atque
242 1289 529 1342 magnificum.]
578 1288 795 1328 Confirmat
823 1288 923 1326 illud
954 1290 1014 1327 vel
1044 1290 1230 1337 maxime,

97 1343 232 1394 quod
222 1357 306 1396 lpsa
324 1352 462 1382 natura
481 1348 544 1387 (ut
562 1344 616 1381 ait
630 1344 712 1391 ille)
733 1343 916 1382 adsciscat
931 1352 968 1382 et
982 1345 1172 1396 reprobet,
1191 1344 1233 1382 id

97 1406 168 1445 est,
190 1399 428 1451 voluptatem
447 1407 485 1436 et
504 1398 687 1436 dolorem.
728 1398 798 1435 Ad
816 1398 912 1445 haec,
934 1406 971 1436 et
991 1412 1078 1450 quae
1097 1412 1234 1450 sequa-

97 1465 202 1499 mur,
223 1461 260 1491 et
286 1467 374 1505 quae
398 1452 609 1504 fugiamus,
637 1452 750 1490 refert
776 1453 931 1490 onmia:
964 1453 1069 1504 quod
1094 1467 1233 1505 quam·.

96 1520 219 1559 quam
237 1507 431 1559 Aristippi
450 1515 519 1554 est,
541 1521 564 1545 a
580 1507 879 1559 Cyrenaicisque
898 1507 1038 1546 melius
1056 1508 1233 1546 liberius-

95 1575 174 1614 que
191 1561 437 1608 defenditur;
460 1570 589 1600 tamen
605 1561 795 1611 ejusmodi
814 1575 892 1600 esse
908 1562 1056 1624 judico,
1076 1571 1120 1600 ut
1134 1563 1233 1604 1111111

50 1655 59 1663 ,
97 1616 255 1655 1101111118
280 1616 454 1655 videatur
478 1616 688 1678 indignius.
728 1616 798 1654 Ad
821 1617 971 1666 majora
996 1617 1101 1655 enim
1124 1631 1232 1670 quae-

96 1671 190 1709 dam
209 1684 277 1710 nos
296 1679 436 1710 natura
453 1672 588 1723 genuit
605 1680 642 1709 et
661 1670 928 1720 conformavit,
956 1680 1001 1710 ut
1025 1671 1124 1710 mihi
1146 1673 1234 1724 qui-

95 1725 188 1764 dem
208 1726 370 1765 videtur.
398 1729 463 1764 Ac
483 1725 564 1764 fieri
583 1733 721 1777 potest,
742 1732 787 1763 ut
806 1738 954 1764 errem:
977 1726 1068 1764 sed
1057 1735 1112 1764 ita
1125 1740 1234 1778 pror-

98 1794 163 1819 sus
193 1781 385 1827 existimo,
413 1793 539 1832 neque
564 1792 655 1819 eum
681 1779 944 1831 Torquatum,
972 1781 1041 1832 qui
1065 1781 1137 1820 hoc
1155 1783 1235 1833 pri-

99 1848 188 1874 mus
218 1848 431 1887 cognomen
460 1835 660 1882 invenerit,
693 1842 761 1872 aut
790 1842 968 1895 torquem
993 1835 1107 1873 illum
1133 1836 1235 1875 hosti

99 1889 321 1938 detraxisse,
350 1898 395 1928 ut
414 1890 587 1941 aliquam
617 1902 666 1927 ex
691 1902 736 1927 eo
765 1889 974 1940 perciperet
993 1903 1148 1942 corpore
1167 1904 1234 1929 vo-

98 1944 306 1995 luptatem,
326 1951 394 1982 aut
407 1957 498 1983 cum
513 1944 665 1983 Latinis
681 1943 790 1982 tertio
805 1945 1005 1983 consulatu
1022 1944 1237 1984 conflixisse

99 1997 206 2050 apud
225 1998 400 2037 Veserim
418 2006 574 2051 propter
592 1998 844 2050 voluptatem.
875 1997 995 2046 Quod
1009 2012 1098 2037 vero
1113 2000 1236 2037 securi

100 2053 230 2091 filium
247 2054 486 2104 percusserit,
513 2052 721 2115 privavisse
739 2066 778 2091 se
797 2052 914 2094 etiam
932 2052 1084 2091 videtur
1101 2053 1238 2093 multis

101 2107 379 2158 voluptatibus,
408 2120 498 2146 cum
516 2107 591 2160 ipsi
609 2115 758 2146 naturae
775 2107 977 2158 patrioque
995 2107 1118 2146 amori
1136 2121 1236 2160 prae-

99 2161 265 2200 tulerit
248 2175 316 2211 Jus
333 2162 545 2212 majestatis
563 2168 682 2214 atque
699 2161 864 2213 imperii.

157 2214 299 2266 Quid?
328 2215 380 2255 Τ.
408 2216 657 2270 Torquatus,
693 2216 759 2266 (is,
792 2215 861 2267 qui
889 2216 1022 2256 consul
1055 2229 1145 2257 cum
1174 2216 1247 2257 Cn.
