1456 2396
249 94 323 132 148
364 92 447 131 AD
476 91 852 141 HERENNIUM,
882 92 980 130 Lm.
1003 91 1037 130 Ι.
1066 91 1171 135 CAP.
1191 93 1230 130 8.

242 213 371 239 causas
402 207 524 251 potest
555 199 842 247 accommodari,
880 199 983 251 quod
1013 199 1168 250 vulgare
1198 198 1347 237 dicitur.

241 255 343 292 Item
368 255 545 292 vitiosum
570 261 637 301 est,
658 266 734 304 quo
752 253 871 291 nihilo
888 254 1016 291 minus
1034 253 1264 291 adversarius
1280 265 1350 303 po-

241 315 313 345 test
331 307 401 355 uti,
423 307 525 358 quod
543 319 744 345 commune
762 307 983 358 appellatur.
1014 307 1114 344 Item
1131 306 1242 354 illud,
1271 317 1348 356 quo

240 361 372 399 leviter
401 368 632 399 commutato
663 361 894 399 adversarius
924 360 1061 411 poterit
1091 359 1149 398 uti
1180 373 1227 398 ex
1259 370 1348 396 con-

239 415 365 452 trario.
406 416 506 453 Item
536 414 713 454 vitiosum
742 422 810 461 est,
841 414 943 465 quod
972 414 1135 451 nimium
1159 411 1348 464 apparatis

240 469 363 506 verbis
392 468 640 519 compositum
674 475 742 515 est,
776 476 842 505 aut
872 467 986 505 nimis
1017 467 1176 517 longum
1208 474 1276 514 est,
1311 472 1349 503 et

241 522 345 572 qucd
363 534 439 560 non
458 535 505 560 ex
523 522 605 573 ipsa
629 522 742 559 causa
766 530 900 558 natum
923 521 1082 567 videtur,
1105 520 1223 572 (quod
1242 532 1348 570 sepa-

237 583 366 613 ratum
384 583 562 621 vocatur3
591 575 632 612 in
650 588 726 626 quo
746 575 858 612 etiam
878 575 1101 612 translatum
1124 573 1348 619 includitur)

238 636 284 666 ut
301 629 450 680 proprie
468 629 650 667 cohaereat
669 642 756 667 cum
776 629 1012 673 narratione3
1044 636 1080 666 et
1098 628 1202 678 quod
1225 639 1349 678 neque

237 683 477 728 benevolum,
498 695 620 734 neque
634 682 807 729 docilem,
827 694 950 732 neque
968 688 1155 719 attentum
1173 681 1263 719 facit
1280 693 1349 718 au-

238 735 411 774 ditorem.
450 736 513 774 De
538 736 690 774 exordio
716 736 806 774 satis
829 735 973 773 dictum
999 742 1077 773 est:
1108 734 1281 786 deinceps
1299 734 1348 772 ad

237 798 489 828 narrationem
508 797 751 827 transeamus.

290 843 414 881 VIII.
444 843 718 881 Narrationum
737 842 810 880 tria
827 850 915 880 sunt
933 855 1081 893 genera.
1121 843 1258 881 Unum
1277 849 1347 889 est,

235 909 325 934 cum
345 897 569 948 exponimus
587 910 668 934 rem
683 904 841 947 gestam,
862 904 899 934 et
916 896 1218 947 unumquodque
1231 895 1349 933 trahi-

236 963 323 988 mus
352 951 400 988 ad
430 951 633 988 utilitatem
663 958 844 997 nostram,
875 950 1049 988 vincendi
1077 950 1216 996 causa;
1245 949 1349 1000 quod

233 1004 396 1055 pertinet
414 1004 462 1041 ad
481 1017 542 1042 eas
561 1017 703 1051 causas,
724 1003 771 1041 de
796 1003 934 1054 quibus
960 1003 1148 1052 judicium
1172 1003 1348 1041 futurum

234 1065 301 1095 est.
340 1058 522 1095 Alterum
541 1070 660 1108 genus
677 1057 900 1095 narrationis
919 1064 986 1103 est,
1008 1057 1112 1107 quod
1134 1057 1349 1094 intercurrit

230 1123 522 1163 nonnunquam,
536 1111 637 1157 fidei,
653 1118 720 1149 aut
733 1110 1016 1158 criminationis,
1025 1118 1091 1148 aut
1104 1110 1347 1157 transitionis,

232 1172 300 1202 aut
315 1165 473 1214 alicujus
488 1165 753 1216 apparationis,
774 1166 832 1203 vel
848 1164 1088 1211 laudationis,
1104 1164 1228 1203 causa„
1249 1163 1347 1201 Ter-

231 1218 331 1256 tium
349 1231 469 1269 genus
487 1226 542 1256 est
558 1218 612 1265 id,
644 1218 746 1269 quod
765 1231 788 1255 a
805 1231 918 1256 causa
936 1217 1037 1256 civili
1054 1224 1244 1255 remotum
1263 1223 1344 1262 (Εἰς

231 1271 273 1308 in
291 1285 367 1322 quo
382 1280 509 1310 tamen
528 1272 689 1309 exerceri
707 1272 899 1332 convenit,
914 1283 990 1322 quo
1010 1271 1244 1310 commodius
1261 1270 1347 1309 illas

231 1325 438 1376 superiores
470 1325 700 1363 narrationes
728 1326 768 1362 in
801 1325 921 1363 causis
951 1332 1109 1363 tractare
1145 1324 1345 1376 possimus.

233 1379 333 1428 Ejus
358 1379 581 1416 narrationis
612 1379 688 1416 duo
713 1386 801 1416 sunt
825 1391 986 1430 genera:
1015 1391 1154 1426 unum,
1182 1377 1316 1429 quod
1304 1390 1346 1415 m

231 1433 417 1483 negotiis3
439 1434 614 1480 alterum,
636 1432 739 1483 quod
756 1433 796 1470 in
814 1431 995 1483 personis,
1014 1432 1182 1483 positum
1201 1438 1266 1470 est.
1297 1431 1346 1470 Id

233 1486 337 1537 quod
355 1486 395 1523 in
414 1487 652 1537 nege-tiorum
672 1487 903 1537 expositione
920 1485 1087 1537 positum
1102 1493 1170 1533 est,
1190 1493 1264 1525 tres
1277 1485 1346 1523 ha-

232 1541 298 1577 bet
311 1548 447 1590 partes,
461 1541 645 1586 fabulam,
661 1540 871 1586 historiam,
885 1547 1166 1590 argumentum.
1196 1538 1346 1578 Fabula

233 1600 301 1639 est,
323 1606 409 1644 quae
433 1606 556 1644 neque
574 1606 679 1631 veras
696 1606 820 1644 neque
838 1593 1056 1631 verisimiles
1081 1593 1246 1634 continet
1270 1605 1342 1639 res,

231 1654 278 1684 ut
294 1646 355 1684 hae
373 1660 459 1697 quae
481 1647 670 1697 tragoediis
694 1647 840 1684 traditae
865 1653 964 1684 sunt.
1012 1645 1185 1684 Historia
1209 1654 1264 1683 est
1287 1659 1346 1684 res

231 1708 350 1750 gesta,
371 1700 434 1738 sed
453 1703 500 1738 ab
521 1700 640 1737 aetatis
658 1708 794 1738 nostrae
811 1700 996 1738 memorii>⁴
1014 1707 1170 1738 remota.
1211 1699 1345 1750 Argu-

232 1760 407 1791 mentum
433 1762 488 1791 est
509 1754 596 1791 ficta
613 1767 684 1800 res,
712 1767 798 1805 quae
816 1761 944 1791 tamen
963 1753 1043 1791 fieri
1060 1753 1210 1804 potuit3
1240 1753 1344 1791 velut

232 1817 456 1857 argumenta
488 1807 768 1844 comer-diarum.
815 1807 922 1847 Illud
953 1819 1072 1857 genus
1104 1806 1340 1853 narrationis,

229 1860 335 1910 quod
353 1861 393 1897 in
412 1860 578 1911 personis
596 1861 763 1911 positum
783 1868 850 1908 est,
878 1861 988 1898 debet
1005 1860 1143 1898 habere
1161 1860 1342 1898 sermonis

229 1914 483 1959 festivitatem,
501 1914 714 1951 animorum
727 1913 1085 1961 dissimilitudinem,
1101 1914 1340 1964 gravitatem,

229 1967 435 2014 levitatem,
467 1979 586 2018 spem,
617 1976 779 2014 metum,
807 1967 1070 2018 suspicionem,
1098 1967 1339 2014 desiderium,

225 2020 583 2068 dissimulationem,
620 2021 928 2068 misericordiam,
966 2033 1094 2058 rerum
1130 2020 1338 2068 varietates,

229 2073 391 2112 fortunae
413 2075 762 2120 commutationem,
781 2075 1014 2125 insperatum
1038 2073 1337 2120 incommodum,

230 2127 395 2166 subitam
408 2128 594 2175 laetitiam,
608 2127 824 2177 jucundum
843 2127 990 2169 exitum
1007 2139 1147 2169 rerum.
1189 2128 1338 2166 Verum
