1456 2396
291 107 368 146 314
415 108 892 149 ACADEMICORUM
913 109 1013 148 Lm.
1027 109 1085 148 11.
1106 109 1211 150 CAP.
1225 112 1291 151 23.

287 213 353 252 ille
383 215 622 255 Heracleotes
658 225 788 255 utrum
817 217 1158 268 comprehendisset
1192 217 1293 256 certa
1320 217 1389 255 illa

289 269 393 315 nota,
424 283 501 320 qua
532 271 701 310 assentiri
729 271 850 309 dicitis
882 278 1063 321 oportere,
1096 270 1255 318 illudne,
1285 269 1389 322 quod

287 322 427 360 multos
453 336 570 361 annos
598 324 788 370 tenuisset,
818 324 1038 374 Zenonique
1063 324 1244 374 magistro
1270 324 1389 362 credi-

288 373 414 422 disset,
442 376 642 415 honestum
669 377 770 429 quod
790 384 897 423 esset,
918 377 957 414 id
975 379 1119 415 bonum
1138 378 1260 415 solum
1281 390 1386 422 esseg

286 439 350 474 an,
371 429 472 479 quod
491 437 618 480 postea
636 430 942 477 defensitavisset,
962 430 1137 468 honesti
1127 443 1238 468 inane
1248 442 1389 468 nomen

289 493 380 527 8558,
411 483 644 533 voluptatem
671 497 748 522 esse
774 496 968 521 summurn
989 485 1161 528 bonum3
1191 483 1258 544 qui
1276 496 1324 520 ex
1342 483 1390 520 il-

286 533 361 571 lius
381 538 614 575 commutata
633 537 815 575 sententia
833 537 965 574 docere
983 537 1108 582 vellet,
1128 511 1225 574 nihil
1242 537 1296 574 ita
1313 536 1389 587 sig-

286 588 369 624 nari
383 588 423 625 in
443 589 579 628 animis
605 591 740 628 nostris
759 603 781 627 a
799 603 885 627 vero
904 602 1024 640 posse,
1045 589 1148 640 quod
1161 602 1237 627 non
1256 589 1388 628 eodem

287 641 401 679 modo
426 643 543 693 possit
567 656 589 680 a
613 643 731 682 falso·
721 672 732 688 ,
762 643 793 681 is
816 643 972 690 curavit,
993 643 1095 694 quod
1119 650 1388 693 argumentum

287 706 334 731 ex
353 694 538 747 Dionysio
551 697 631 747 ipse
650 696 855 744 sumsisset,
876 709 923 734 ex
942 709 985 734 eo
1004 696 1127 734 caeteri
1145 703 1347 734 sumerent.

339 747 508 787 XXIII.
552 750 626 788 Sed
648 763 736 788 cum
762 749 833 787 hoc
852 750 925 787 alio
942 750 1025 788 loco
1049 749 1188 800 plura3
1218 761 1321 787 nunc
1338 748 1388 787 ad

286 814 343 847 ae,
363 815 448 852 quae
467 816 490 840 a
508 811 558 850 te,
580 804 756 850 Luculle,
777 803 876 841 dicta
895 810 1006 840 sunt:
1038 810 1074 840 et
1087 803 1270 853 primum,
1284 802 1388 853 quod

284 854 393 892 initio
412 856 553 903 dixisti,
574 857 782 902 videamus,
803 856 915 907 quale
940 856 1011 910 sit·
1041 856 1214 894 similiter
1231 868 1255 893 a
1280 855 1388 893 nobis

284 907 332 945 de
351 910 515 960 antiquis
534 910 768 961 Ρ111105οΡ1115
781 907 1082 957 commemorari,
1095 917 1210 960 atque
1223 908 1389 946 seditiosi

285 962 446 1000 solerent
471 963 588 1001 claros
616 964 727 1011 viros,
758 963 822 1000 sed
851 971 978 1001 tamen
1002 962 1203 1014 populares
1224 962 1386 1012 aliquos,

285 1016 490 1054 nominare.
522 1017 600 1062 Ι111,
620 1029 708 1054 811111
730 1029 788 1054 185
812 1029 889 1054 11011
913 1017 1031 1054 bonas
1055 1022 1226 1061 tractent,
1248 1014 1388 1053 similes
1455 1014 1456 1022 ¹

284 1068 472 1106 bonorum
501 1070 618 1107 videri
640 1071 791 1108 volunt:
822 1082 890 1107 nos
915 1078 1044 1107 autem
1063 1069 1237 1113 dicimus,
1258 1081 1302 1106 ea
1319 1080 1389 1105 no-

285 1121 343 1158 bis
372 1121 503 1170 videri,
531 1136 616 1173 quae
644 1123 861 1174 vosmetipsi
886 1122 1128 1166 nobilissimis
1154 1121 1388 1172 Ρ111105οΡ1115

284 1174 468 1224 placuisse
504 1176 717 1213 conceditis.
786 1177 1037 1226 Anaxagoras
1073 1175 1201 1212 nivem
1237 1174 1388 1224 nigram

283 1226 381 1264 dixit
400 1241 503 1266 8558.
534 1229 648 1267 ferres
665 1241 742 1275 me,
763 1230 794 1268 si
813 1242 882 1280 ego
905 1229 1006 1267 idem
1034 1228 1228 1266 dicerem?
1256 1235 1314 1275 tu,
1341 1239 1389 1264 ne

284 1280 315 1318 si
343 1280 556 1319 dubitarem
586 1282 753 1333 quidem.
793 1283 852 1320 At
884 1282 969 1332 quis
999 1289 1054 1320 est
1084 1281 1172 1319 hic.
1163 1283 1180 1309 'r’
1208 1292 1304 1318 num
1328 1293 1388 1318 so-

284 1333 458 1384 phistes?
497 1335 566 1377 (sic
586 1335 688 1372 enim
707 1335 976 1386 appellantur
965 1334 1007 1381 11,
1027 1334 1109 1386 (1111,
1129 1333 1388 1372 ostentationis

283 1395 350 1424 aut
378 1391 541 1438 quaestus
571 1401 698 1435 causa,
721 1388 1042 1449 philosophantur
1057 1395 1087 1435 ι)
1115 1386 1287 1425 maxima
1312 1386 1389 1424 fuit

283 1448 321 1478 et
338 1441 531 1490 gravitatis
549 1449 587 1479 et
603 1442 746 1491 ingenii
764 1442 896 1493 gloria„

336 1493 445 1541 Quid
469 1495 603 1546 loquar
627 1495 674 1532 de
699 1494 955 1533 Democrito?
979 1507 1098 1555 quem
1121 1506 1211 1532 cum
1236 1506 1280 1532 eo
1298 1505 1388 1531 con-

282 1547 378 1585 ferre
396 1561 611 1609 possumus,
632 1561 708 1586 non
730 1548 872 1587 modo
861 1548 1004 1599 ingenii
1022 1547 1298 1599 magnitudine,
1321 1546 1387 1584 sed

284 1601 398 1638 etiam
418 1602 568 1640 animi?
597 1602 664 1652 qui
688 1602 742 1640 ita
766 1602 813 1640 sit
837 1615 952 1640 ausus
977 1602 1105 1648 ordiri,
1132 1601 1229 1639 Haec
1251 1601 1388 1651 loquor

283 1653 331 1692 de
351 1654 545 1693 universis.
593 1655 705 1693 Nihil
724 1655 878 1706 excipit,
898 1655 945 1693 de
963 1668 1041 1706 quo
1058 1667 1135 1693 non
1152 1654 1385 1705 profiteatur.

282 1706 391 1754 Quid
419 1708 520 1745 enim
548 1721 626 1746 esse
652 1716 775 1760 potest
802 1715 908 1747 extra
927 1708 1138 1750 universa?
1166 1707 1267 1754 Quis
1284 1707 1388 1744 hunc

281 1760 554 1812 philosophum
572 1774 649 1800 non
667 1762 862 1824 anteponit
879 1761 1069 1809 Cleanthi,
1087 1761 1315 1812 Chrysippo,
1330 1771 1389 1797 re-

282 1813 473 1874 liquisque
487 1815 671 1853 inferioris
691 1816 836 1854 aetatis.
826 1818 844 1844 ‘³
871 1815 939 1867 qui
956 1815 1066 1875 mihi,
1083 1827 1171 1853 cum
1189 1814 1255 1851 illo
1273 1813 1387 1851 colla-

282 1866 326 1914 ti,
347 1868 490 1918 quintae
508 1869 633 1906 classis
647 1869 834 1907 videntur.
872 1870 1007 1920 Atque
1030 1868 1062 1905 15
1080 1880 1156 1906 11011
1181 1867 1254 1905 1100
1279 1866 1385 1927 dicit,

283 1921 387 1971 quod
405 1933 487 1968 1105,
501 1922 569 1972 (1111
587 1923 664 1960 veri
684 1936 761 1961 esse
780 1922 925 1974 aliquid
938 1934 1015 1960 non
1034 1934 1232 1972 negamus,
1245 1918 1388 1971 percipi

282 1986 391 2024 posse
412 1986 623 2025 negamus:
655 1976 719 2013 ille
744 1989 877 2014 verum
905 1989 984 2014 esse
1007 1975 1120 2025 plane
1140 1981 1279 2024 negat:
1310 1985 1389 2010 esse

283 2039 413 2066 58115115
427 2028 582 2088 quidem
597 2027 700 2080 [sed]
715 2031 890 2067 obscuros
903 2029 1007 2076 dicit,
1023 2027 1100 2080 [et]
1113 2027 1380 2066 tenebricosos:

283 2080 353 2123 (sic
379 2081 481 2119 enim
509 2083 674 2133 appellat
701 2095 762 2120 eos
786 2083 833 2130 is,
854 2083 922 2134 qui
938 2082 1042 2120 hunc
1059 2081 1228 2120 maxime
1246 2087 1302 2118 est
1319 2078 1385 2116 ad-

282 2134 457 2184 miratus,
478 2135 599 2174 Chius
623 2111 882 2186 Metrodorus,
904 2135 1014 2175 initio
1037 2135 1140 2186 libri,
1166 2133 1235 2187 qui
1257 2140 1314 2197 851
1336 2131 1385 2172 de
