1456 2396
192 110 272 151 394
356 111 435 150 DE
464 111 497 150 F
502 111 718 161 INIBUS,
749 111 850 151 Lm.
872 111 932 152 11.
963 111 1069 152 CAP.
1094 111 1158 151 13.

190 219 241 257 ad
258 220 449 260 arandum
466 223 620 271 bovem,
647 222 696 260 ad
713 221 979 274 indagandum
1004 233 1154 269 mnan,
1178 220 1232 260 sic
1252 219 1326 259 ho-

189 274 338 313 minem
356 275 406 314 ad
424 275 522 315 duas
539 289 613 325 rae,
634 285 679 315 ut
696 276 751 316 ait
767 277 1010 323 A1istote1oe‚
1036 275 1087 315 ad
1106 275 1328 327 intelligen-

190 327 302 377 dum,
329 337 367 368 et
394 330 444 368 ad
467 331 676 382 agendum,
703 345 782 370 8558
806 339 958 379 natum,
986 330 1097 383 quasi
1120 329 1326 369 mortalem

190 381 350 422 Deum.
379 393 601 437 contraque,
621 393 666 424 ut
684 385 833 424 tardam
854 386 1027 438 aliquam
1046 392 1084 423 et
1096 384 1325 436 languidam

188 437 377 499 pecudem
410 439 460 478 ad
491 448 647 492 pastum
675 448 713 479 et
740 440 789 479 ad
817 439 1042 493 procreandi
1069 439 1324 491 voluptatem,

190 492 244 530 sic
261 493 335 532 hoc
359 493 536 532 divinum
562 495 707 534 animal
732 503 860 533 ortum
888 507 967 533 esse
985 494 1216 532 voluerunt:
1245 505 1326 544 quo

189 546 290 585 nihil
307 548 405 586 mihi
424 548 575 588 videtui·
592 549 806 589 absurdius.
835 551 971 602 Atque
988 548 1070 586 haec
1085 555 1218 587 eontra
1230 545 1328 585 Axi-

189 601 379 654 stippum,
399 603 468 655 qui
493 617 579 642 eam
605 605 843 656 voluptatem
868 616 946 642 non
970 602 1088 641 modo
1112 613 1325 649 summam,

188 656 255 694 sed
275 657 397 695 solam
425 658 542 696 etiam
560 658 679 706 ducit,
705 672 825 711 quam
851 671 984 697 omnes
1007 669 1129 695 unam
1153 655 1327 708 appella-

188 723 278 749 mus
297 712 548 764 voluptatem.
576 714 706 752 Aliter
720 721 849 752 autem
866 713 973 751 iobis
987 712 1123 773 placet.
1153 710 1231 750 Sed
1243 709 1324 757 ille,

189 773 235 803 ut
263 765 360 816 (1131,
384 767 542 807 vitiose:
573 781 642 806 nec
668 767 770 806 enim
797 768 922 819 figura
946 766 1113 818 corporis
1137 777 1208 804 nec
1229 763 1328 803 ratio

189 820 380 860 excellens
408 822 553 874 ingemi
577 823 741 861 humani
769 821 972 874 significat,
1001 820 1050 859 ad
1077 821 1178 859 hanc
1203 831 1326 858 unam

188 887 272 914 rem
291 883 428 914 natum
446 876 661 924 hominem,
683 886 727 915 ut
745 876 936 915 frueretur
954 875 1229 927 voluptatibus.

244 929 332 968 Nec
360 943 448 970 vero
475 932 689 970 audiendus
719 931 1000 983 HieronymuS‚
1031 930 1094 969 cui
1125 941 1326 967 summum

164 985 338 1027 ,bonum
363 994 419 1024 851
443 986 561 1032 idem,
582 986 687 1038 quod
713 999 780 1024 vos
804 985 1015 1032 interdum,
1035 984 1097 1022 vel
1122 983 1250 1036 potius
1267 983 1328 1020 111-

187 1039 315 1078 mium
334 1053 447 1092 saepe,
464 1040 601 1087 dicitis,
618 1041 715 1079 nihil
729 1040 876 1078 dolere:
902 1051 979 1077 non
995 1039 1114 1085 8111111,
1130 1038 1161 1076 si
1175 1037 1326 1076 malum

186 1093 297 1132 dolor
315 1102 384 1142 est,
405 1108 530 1133 carere
550 1108 594 1134 eo
612 1096 717 1133 malo
736 1094 826 1133 satis
844 1102 901 1134 851
919 1093 968 1132 ad
986 1095 1085 1132 bene
1103 1092 1326 1131 vivendum.

188 1147 280 1187 Hoc
297 1149 437 1187 dixerit
455 1150 584 1202 potius
603 1149 772 1199 Ennius,

245 1225 274 1246 ‘⁶
291 1223 474 1265 Nimium
492 1224 585 1264 boni
605 1233 673 1273 est,
695 1225 758 1264 cui
778 1224 876 1263 2111ss
896 1231 952 1264 est
969 1223 1106 1263 malim

187 1313 274 1352 Nos
288 1314 442 1352 beatam
457 1313 592 1362 vitam,
602 1325 679 1352 non
692 1313 916 1366 depulsione
926 1313 1035 1360 mali,
1045 1311 1111 1351 sed
1122 1311 1328 1364 adeptione

188 1368 294 1415 boni,
307 1368 546 1418 judicemus:
569 1381 638 1407 nec
653 1381 738 1407 eam
754 1368 948 1414 cessando,
965 1368 1061 1411 (sive
1074 1366 1324 1419 gaudentem,

186 1430 232 1460 ut
250 1423 499 1474 An‘stippus;
525 1423 603 1462 sive
622 1436 699 1462 non
714 1423 924 1470 dolentem,
939 1430 984 1461 ut
997 1422 1078 1470 hic)
1097 1421 1163 1460 sed
1177 1420 1328 1474 agendo

184 1477 349 1529 aliquid,
369 1477 703 1526 considerandove,
724 1491 957 1531 quaeramus.

239 1533 343 1580 Quae
380 1542 541 1584 possunt
578 1533 711 1571 eadem
749 1541 881 1571 8011118
918 1531 1186 1571 Carneadeum
1224 1530 1325 1569 illud

184 1599 384 1625 summum
406 1589 554 1626 bonum
574 1587 670 1632 dien
695 1587 825 1639 quod
815 1601 847 1626 is
866 1599 943 1626 non
959 1595 1055 1634 18111,
1070 1593 1116 1625 111
1129 1586 1323 1639 probaret,

183 1642 370 1692 protulit3
401 1655 520 1693 quam
541 1651 585 1680 ut
605 1643 756 1688 Stoicis,
783 1642 1016 1695 quibuscum
1042 1640 1190 1680 bellum

182 1697 265 1743 bat,
286 1705 507 1748 opponeret.
544 1696 592 1734 Id
612 1705 741 1735 autem
761 1696 950 1746 ejusmodi
969 1703 1040 1741 oet,
1061 1702 1120 1742 ut,
1146 1693 1323 1734 additum

181 1750 232 1788 ad
250 1750 447 1796 virtutem,
469 1751 734 1790 auctoritatem
749 1751 923 1790 videatur
941 1750 1182 1796 habiturum,
1203 1757 1241 1788 et
1255 1761 1325 1788 ex-

180 1805 379 1857 pleturum
412 1807 608 1845 cumulate
642 1807 761 1845 vitam
791 1808 973 1846 beatam:
1015 1804 1063 1843 de
1091 1817 1169 1856 quo
1197 1803 1324 1842 omnis

180 1859 263 1898 haec
291 1860 452 1912 quaestio
480 1869 547 1898 851.
590 1861 697 1900 Nam
729 1861 798 1913 qui
820 1860 870 1899 ad
896 1860 1078 1898 vii-tutem
1102 1858 1325 1909 adjungunt

180 1913 243 1953 vel
275 1915 529 1976 voluptatem,
564 1919 701 1967 (quarn
734 1928 854 1954 unam
884 1914 1004 1953 virtus
1030 1913 1186 1952 minimi
1214 1911 1323 1960 faeit)

178 1969 242 2008 vel
270 1969 499 2008 vacuitatem
527 1969 683 2017 doloris,
713 1975 834 2022 (quae,
865 1970 983 2008 etiam
1009 1969 1041 2007 51
1070 1967 1175 2006 malo
1203 1974 1319 2015 earet,

177 2031 308 2062 tamen
328 2036 406 2062 non
425 2032 482 2062 est
501 2037 702 2062 summum
727 2026 894 2071 bonum)
921 2022 1132 2062 accessione
1156 2029 1322 2060 utuntur

176 2089 255 2116 non
287 2078 343 2116 ita
373 2079 594 2140 probabili:
635 2092 705 2118 nec
737 2087 884 2127 tamen,
918 2091 987 2117 cur
1018 2077 1059 2116 id
1091 2086 1173 2115 tam
1204 2088 1320 2128 parce

175 2141 336 2186 tamque
354 2133 523 2172 185111818
536 2133 692 2183 faciant,
708 2133 895 2196 intelligo.
926 2132 1053 2182 Quasi
1068 2131 1173 2171 enim
1188 2141 1321 2170 emen-

174 2186 272 2226 dum
292 2187 347 2226 eis
361 2188 471 2240 sit,q
473 2187 551 2227 uod
571 2188 717 2228 addant
734 2188 785 2227 ad
803 2189 1002 2236 virtutem,
1022 2187 1196 2239 primum
1214 2184 1321 2223 vilis-

173 2241 290 2282 simas
326 2255 385 2282 res
421 2242 599 2282 addunt:
641 2242 781 2283 deinde
812 2243 984 2296 singulas
1019 2241 1164 2295 potius,
1199 2250 1321 2293 quam
