1456 2396
207 46 686 88 ACADEMICORUM
707 47 806 86 L113.
824 48 881 87 11.
903 47 1006 87 CAP.
1020 47 1084 86 24.
1136 47 1216 86 315

113 155 279 201 natura.)
308 155 433 206 Nego,
453 154 593 206 inquit,
615 154 707 192 scire
725 167 807 200 nos,
823 156 1034 193 sciamusne
1053 153 1213 205 aliquid,

111 221 160 245 an
186 208 281 246 nihil
308 209 494 253 sciamus3
524 220 572 246 ne
601 208 768 258 idipsum
797 209 952 260 quidem
980 209 1135 256 nescire,
1165 220 1215 246 an

111 261 216 308 scire,
236 274 304 299 nec
323 262 492 309 omnino,
510 261 606 299 sitne
625 262 783 312 aliquid,
804 275 852 299 an
872 262 968 299 nihil
988 262 1045 299 sit.

163 314 306 352 Furere
325 315 394 353 tibi
405 314 656 365 Empedocles
671 315 817 352 videtur
834 329 845 359 ς
876 323 914 352 at
929 315 1024 352 mihi
1039 313 1215 365 dignissi-

110 379 217 404 mum
238 370 349 406 rebus
367 368 426 414 iis,
447 367 493 405 de
512 367 652 418 quibus
669 368 851 419 loquitur,
881 381 1016 406 sonum
1044 368 1213 405 fundere.

109 421 220 458 Num
245 434 334 472 ergo
351 421 382 459 is
401 427 562 459 excaecat
580 433 662 468 nos,
683 429 749 458 aut
768 423 875 459 orbat
894 422 1075 467 sensibus,
1097 421 1127 458 si
1146 434 1215 471 pa-

108 486 195 511 rum
214 487 396 525 magnam
428 474 506 512 vim
526 482 649 512 censet
667 474 706 511 in
726 474 771 511 iis
790 487 867 512 esse
886 475 934 511 ad
953 488 1010 520 ea,
1031 488 1117 525 quae
1143 476 1215 512 suh

109 539 171 564 eos
198 529 367 577 subjecta
395 536 497 575 sunt,
521 527 752 576 judicanda.
743 530 760 554 ²
791 528 1049 574 Parmenides,
1082 528 1214 566 Xeno.

106 580 264 630 phanes,
280 581 408 619 minus
420 581 527 619 bonis
543 593 778 632 quamquam
798 581 980 627 versibus,
1001 581 1066 618 sed
1085 589 1213 619 tamen

106 633 182 671 illis
218 635 386 672 versibus
416 635 613 695 increpant
644 647 775 672 eorum
805 634 1072 684 arrogantiam,
1105 635 1213 685 quasi

107 686 207 734 irati,
229 689 310 739 qui,
331 701 420 726 cum
435 688 520 726 sciri
538 688 634 724 1111111
652 688 782 738 possit,
803 687 967 725 audeant
987 700 1025 725 se
1044 688 1136 725 scire
1155 688 1213 725 di-

106 752 201 778 cere.
230 740 284 778 Et
295 743 343 779 ab
361 741 420 779 his
435 741 560 779 aiebas
572 741 844 779 removendum
860 742 1051 779 Socratem
1067 748 1103 778 et
1124 741 1214 778 Pla-

106 799 247 831 tonem.
279 794 389 833 Cur?
418 795 487 832 An
519 794 566 832 de
592 795 681 832 ullis
709 795 844 833 certius
871 807 1026 845 possum
1055 794 1176 831 dicere
1193 797 1211 832 Ρ

105 846 260 885 vixisse
273 860 362 885 cum
380 848 438 886 his
452 848 628 899 equidem
644 847 796 886 videor.
819 848 872 885 ita
890 848 1003 885 multi
1023 860 1212 886 sermones

104 900 301 951 perscripti
325 910 428 947 sunt,
456 915 476 940 e
501 901 641 952 quibus
669 900 835 940 dubitari
861 913 938 938 non
964 901 1094 951 possit,
1117 902 1211 952 quin

105 954 250 991 Socrati
275 954 371 992 nihil
396 955 444 993 sit
470 955 595 993 visum
624 955 708 992 sciri
732 968 850 1006 posse.
897 954 1062 1005 Excepit
1089 967 1212 992 unum

103 1013 270 1052 tantum,
294 1010 322 1030 “
338 1008 430 1046 scire
453 1022 504 1055 se,
537 1008 634 1046 nihil
664 1021 702 1046 se
729 1008 847 1046 scire:
837 1009 877 1031 ·'’
907 1008 1004 1045 nihil
1033 1008 1211 1058 amplius.

105 1059 213 1107 Quid
231 1061 355 1099 dicam
370 1062 417 1099 de
437 1062 627 1100 Platone?
657 1061 724 1112 qui
743 1069 839 1100 certe
857 1069 938 1100 tam
955 1061 1088 1099 multis
1106 1061 1212 1099 libris

103 1113 184 1151 haec
201 1123 418 1165 persecutus
436 1127 512 1153 non
531 1122 639 1163 esset,
666 1115 739 1153 nisi
761 1115 993 1166 probavisset
1009 1129 1019 1152 t
1050 1115 1212 1152 ironiam

103 1167 206 1204 enim
227 1169 394 1216 alterius,
413 1176 638 1220 perpetuam
655 1169 878 1220 praesertim,
898 1169 1006 1206 nulla
1024 1167 1098 1205 fuit
1117 1168 1212 1206 ratio

107 1222 294 1271 persequi.

156 1273 318 1313 XXIV.
347 1274 540 1314 Videorne
558 1275 642 1323 tibi,
662 1287 739 1313 non
759 1282 803 1313 ut
822 1275 1064 1321 Saturninus,
1084 1274 1211 1313 nomi-

102 1338 193 1365 nare
211 1329 325 1366 modo
342 1329 508 1366 illustres
525 1329 712 1374 homines,
733 1329 797 1366 sed
817 1329 931 1367 etiam
949 1328 1091 1366 imitari
1110 1340 1212 1365 nun-

102 1393 234 1431 quam,
255 1382 328 1420 nisi
346 1383 506 1428 clarum,
526 1383 600 1420 nisi
627 1382 794 1420 nobilem
811 1385 828 1420 ‚⁹
869 1382 996 1433 Atqui
1021 1382 1210 1419 habebam

100 1435 278 1472 molestos
297 1436 416 1483 vobis,
437 1436 502 1473 sed
520 1437 700 1481 minutos,
729 1436 954 1486 Stilponem,
976 1435 1208 1482 Diodorum,

99 1487 329 1535 Alexinum,
351 1501 515 1540 quorum
540 1497 629 1527 sunt
654 1496 823 1527 contorta
846 1496 882 1526 et
911 1489 1081 1526 aculeata
1105 1501 1211 1539 quae-

100 1540 190 1578 dam
210 1542 441 1592 sophismata
457 1556 467 1580 2
499 1542 550 1580 510
569 1542 672 1580 enim
691 1543 929 1593 appellantur
947 1542 1097 1579 fallaces
1120 1554 1210 1579 con-

101 1594 359 1632 clusiunculae.
403 1595 478 1633 Sed
500 1596 594 1646 quid
622 1609 684 1633 eos
711 1596 902 1645 colligam,
930 1608 1019 1633 cum
1045 1595 1209 1632 habeam

99 1646 372 1699 Chrysippum,
402 1649 469 1699 qui
498 1649 631 1687 fulci1e
659 1657 816 1700 putatur
846 1648 1035 1699 porticum
1064 1648 1209 1686 Sto'ico-

99 1713 187 1738 rum
203 1703 220 1739 ?
250 1701 382 1748 Quam
400 1703 523 1740 multa
540 1702 605 1740 ille
629 1710 758 1740 eontra
777 1715 920 1749 sensus,
949 1715 1066 1752 quam
1085 1702 1209 1738 multa

100 1761 229 1792 eontra
240 1755 369 1793 omnia
379 1769 465 1806 quae
476 1756 516 1792 in
529 1755 798 1794 consuetudine
809 1757 1017 1806 probantur
1032 1755 1042 1791 !
1063 1755 1122 1792 At
1133 1754 1209 1792 dis-

98 1807 210 1845 solvit
226 1808 340 1846 idem.
370 1808 475 1846 Mihi
487 1809 643 1860 quidem
657 1822 733 1847 non
748 1809 919 1847 videtur:
950 1808 1015 1846 sed
1029 1808 1208 1846 dissolve-

98 1860 148 1897 rit
163 1872 278 1898 sane:
308 1869 406 1900 certe
435 1869 515 1900 tam
538 1863 662 1900 multa
687 1875 765 1900 non
790 1861 1012 1912 collegisset,
1033 1875 1120 1912 quae
1138 1873 1207 1898 nos

95 1913 269 1952 fallerent
279 1915 543 1965 probabilitate
561 1916 716 1966 magna,
736 1916 809 1954 nisi
828 1915 984 1962 videret,
1004 1915 1064 1952 his
1084 1915 1206 1953 resisti

102 1978 180 2004 non
199 1967 309 2006 facile
328 1980 436 2019 posse

151 2020 259 2068 Quid
278 1996 451 2072 Cyrenaei
468 2022 674 2061 videntur?
703 2022 863 2061 minime
885 2020 1065 2061 contemti
1079 2020 1208 2081 philo·

98 2074 232 2134 sophi;
262 2075 329 2126 (1111
347 2083 487 2126 negant
505 2089 583 2115 esse
601 2076 827 2128 quidquam,
842 2076 945 2127 quod
960 2074 1103 2127 percipi
1117 2086 1204 2124 1105-

99 2126 147 2165 sit
164 2128 414 2175 extrinsecus3
445 2142 489 2168 ea
506 2143 545 2169 se
563 2130 642 2168 sola
659 2130 862 2181 percipere,
884 2143 972 2180 quae
989 2135 1092 2166 tactu
1110 2127 1205 2165 inti-
