1456 2396
82 74 166 112 880
183 83 217 118 ο
280 71 359 112 ΒΕ
389 70 644 122 FINIBUS,
667 70 767 110 Lm.
786 69 845 110 11.
866 69 1029 111 Cana

87 195 201 228 num,
222 189 361 235 praeter
378 181 494 229 illud,
515 181 622 234 quod
640 181 740 230 cibo,
761 188 799 220 et
817 179 988 233 potibne,
1015 188 1056 221 et
1072 180 1229 222 nufim

89 237 358 284 delectatione,
375 244 414 275 et
427 237 606 275 obscoena
620 236 832 289 voluptate,
846 235 1034 288 capiatur.
1062 236 1134 276 An
1147 236 1233 278 haee

89 294 140 330 ab
160 304 206 331 eo
224 304 301 330 non
321 265 536 331 dicuntur?
565 291 691 340 Quasi
711 303 800 330 vero
817 303 882 329 me
900 290 1059 342 pudeat,
1086 291 1127 330 in
1129 292 1232 345 quit,

91 347 271 393 istomm,
303 354 371 385 aut
398 359 474 385 non
502 347 660 399 posffl’m,
682 345 1018 399 quemadmodum
1036 359 1083 385 ea
1100 346 1235 386 dican-

91 409 172 450 tur,
192 401 401 440 ostendere.
433 401 522 453 Ego
543 413 630 441 vero
648 412 725 439 non
756 400 909 449 dubito,
934 400 1114 464 inquam,
1135 401 1235 454 quin

93 456 206 496 facile
224 457 374 509 possis.
405 468 476 495 nec
495 464 565 504 est,
579 455 684 509 quod
704 463 740 495 te
759 455 904 508 pudeat
923 456 1089 508 sapienti
1104 468 1236 496 aneli-

92 511 172 558 tiri,
193 511 262 564 qui
282 524 321 549 se
340 524 442 550 unus
469 510 592 564 (quod
612 510 748 558 sciam)
769 510 981 562 sapientem
1001 509 1238 562 profiterisit

94 579 237 605 ausus:
269 578 362 604 nam
384 565 654 605 Metrodorum
675 578 753 604 non
774 572 913 618 putant
935 564 1065 617 ipsum
1090 565 1239 618 profes·

95 634 214 666 sum;
246 620 327 667 sed,
347 633 438 660 cum
461 621 722 673 appellaretur
743 621 793 659 ab
819 619 1006 671 Epicuro,
1034 619 1241 673 repudiare

96 683 251 714 tantum
272 676 500 715 beneficium
522 675 699 714 noluisse.
722 677 877 727 Septen
899 682 1031 713 autern
1058 674 1132 724 illi,
1158 686 1238 715 nm

95 744 181 777 suo,
212 729 280 770 sed
315 730 551 783 populorum
589 729 773 782 suffragio
810 729 1005 778 omnium,
1043 728 1235 770 nominati

98 793 202 824 sunu

156 840 307 879 Verum
333 840 406 880 hoc
431 841 515 880 loco
546 853 672 888 sumo,
694 840 819 878 verbis
847 838 908 878 his
933 839 1111 879 eamdem
1137 848 1243 881 oeroe

99 895 180 934 vim
202 896 408 948 voluptatis
424 895 640 948 Epicurum
662 897 787 942 ῃὺεεε,
808 907 928 947 quam
948 902 1125 934 ceteros:
1155 907 1242 935 om·

101 962 169 989 nes
201 950 306 989 enim
334 950 555 1001 jucundum
583 959 751 998 motum,
776 962 856 1002 quo
880 962 1014 989 sensus
1038 949 1240 1000 hilaretur,

102 1005 417 1052 (traeoe·}18rvr,‚‚
437 1005 577 1044 Latine
601 1007 861 1056 Voluptatem,
883 1012 1033 1044 vocant.
1062 1004 1243 1055 Quidet't

102 1060 236 1112 igitur,
264 1060 406 1112 inquit,
435 1060 539 1112 quod
568 1060 777 1124 requiras?
810 1058 966 1107 mmm,
995 1060 1174 1113 inquam,
1203 1069 1244 1101 et

101 1114 262 1168 quidem
283 1114 452 1152 discendi
472 1115 587 1153 causis
606 1114 746 1166 magis,
767 1127 888 1167 quam
908 1128 988 1167 quo
1006 1123 1044 1154 ω
1061 1122 1130 1154 aut
1127 1114 1241 1178 Epi-

102 1183 242 1209 curum
260 1169 531 1232 reprehensum
555 1170 683 1208 velim.
729 1169 817 1221 Ego
835 1182 1007 1222 quoque,
1027 1169 1222 1266 inquiam
1183 1170 1244 1211 di-

103 1225 263 1264 dicerim
285 1225 481 1269 libentius,
496 1225 525 1263 si
542 1240 568 1277 q
572 1225 637 1262 uid
650 1224 837 1270 attuleris,
879 1236 971 1263 uam
985 1233 1105 1278 tei-ep

104 1278 451 1318 derim.'1ene‹ne
473 1240 606 1331 igitiir,
635 1280 812 1332 inquam,
844 1279 861 1317 1
888 1280 1111 1332 ieronymuz
1134 1280 1247 1321 Rho·

106 1334 194 1373 dius
227 1335 331 1387 quod
361 1334 463 1373 dicat
495 1348 575 1374 esse
605 1347 807 1373 summum
839 1335 1003 1398 bonum,
1027 1348 1109 1400 quo
1136 1344 1248 1390 putet

106 1389 238 1428 onmia
268 1389 397 1428 referri
429 1392 634 1442 oportere?
676 1389 715 1428 Γ
717 1401 826 1437 cneo
857 1389 1001 1443 inquit,
1034 1393 1152 1430 hnem
1188 1391 1248 1431 ini

108 1444 242 1489 w‘deri,
270 1445 367 1483 nihil
396 1445 536 1483 dolere.
567 1444 710 1493 Quid?
742 1444 845 1483 idem
873 1444 945 1484 iste
972 1444 1021 1485 de
1045 1445 1246 1500 voluptate

109 1499 205 1552 quid
231 1500 380 1538 sentit?
426 1500 554 1551 Negat
578 1513 658 1538 περ
680 1513 782 1546 eam,
803 1500 945 1552 inquit,
966 1508 1123 1554 propter
1148 1501 1249 1556 teip-

111 1568 194 1592 sam
215 1555 486 1606 expetendam.
528 1554 654 1593 Aliud
675 1555 794 1606 igitur
812 1568 893 1594 esse
911 1563 1038 1595 censet
1062 1555 1247 1609 gaudere,

108 1609 217 1648 aliud
248 1622 324 1648 non
357 1609 497 1649 dolere.
544 1610 596 1648 Bt
628 1610 803 1663 quidem,
828 1610 971 1663 inquit,
1003 1610 1250 1652 vehementer

109 1673 237 1704 errat·
270 1677 361 1703 nam
383 1672 445 1707 (ut
465 1665 583 1718 paulo
602 1674 691 1705 ante
709 1665 840 1713 docui)
859 1665 1049 1718 augenda
1070 1665 1249 1721 volupta-

110 1719 160 1758 tis
180 1719 266 1757 finis
286 1729 341 1758 est
360 1719 502 1758 doloris
521 1721 648 1759 omnis
667 1721 823 1759 amotio.

169 1774 261 1813 Non
281 1774 423 1819 dolere,
439 1776 615 1828 inquam,
636 1775 740 1814 istud
760 1788 880 1829 quam
896 1775 1249 1831 vimhnbeatpoet-

111 1842 160 1869 ea
188 1829 342 1868 videro.
388 1831 505 1869 aliam
533 1844 621 1869 vero
650 1831 730 1869 vim
765 1831 975 1884 voluptatis
1008 1845 1102 1880 esse,
1132 1832 1250 1873 aliam

112 1884 213 1923 nihil
242 1884 412 1931 dolendi,
446 1886 517 1924 nisi
553 1886 664 1925 ualde
696 1885 874 1949 pertinax
901 1886 1035 1950 fueris,
1066 1887 1254 1929 ennoean

113 1952 265 1979 necesse
283 1948 350 1979 est.
395 1940 523 1993 Atqui
544 1942 722 1994 reperies,
749 1941 891 1994 inquit,
922 1942 963 1981 in
990 1942 1064 1982 hoc
1119 1942 1252 1984 uiden

115 1994 375 2047 pertinacem.
406 1955 482 2034 dicqi
513 1996 618 2034 enim
649 1996 746 2035 nihil
777 2005 903 2048 potest
933 1997 1072 2036 vuius.
1090 1956 1251 2048 (ιΕσαη,

114 2063 262 2102 quaeso,
283 2050 461 2103 inquam,
488 2051 628 2090 sitienti
655 2051 695 2089 in
719 2050 887 2090 bibendo
907 2052 1122 2105 voluptas?
1151 2053 1256 2103 Quin

116 2104 235 2152 istud,
267 2105 410 2171 inquit,
443 2115 569 2173 posset
599 2119 740 2158 negare
756 2108 775 2146 ?
824 2105 1040 2156 Eadeinne,
1075 2107 1254 2171 inquam,

113 2173 206 2213 quae
237 2160 416 2201 restincta
447 2161 543 2202 siti?
594 2162 726 2202 luuno
757 2161 836 2203 alio
867 2174 1035 2215 genere.
1077 2163 1259 2209 munet·
