1466 2458
442 103 710 155 ORATOR,
742 105 850 144 cn.
875 106 937 144 13.
1215 104 1258 141 11

124 215 359 256 constructio
386 224 425 256 et
451 228 640 256 numerus
668 215 848 255 liberiore
868 214 1041 268 quadam
1060 213 1203 253 fruitur
1222 213 1270 251 li-

126 270 265 310 centia.
295 270 426 310 Datur
440 271 558 311 etiarn
573 272 686 311 venia
700 270 950 311 concinnitati
964 269 1267 313 sententiarun13

126 333 166 365 et
194 326 338 379 arguti,
370 326 555 380 certique,
583 334 620 366 et
647 325 925 378 circumscripti
951 327 1157 364 verborum
1184 336 1269 362 am-

126 381 233 420 bitus
251 381 541 421 conceduntur:
567 381 615 421 de
633 381 917 433 industriaque,
938 393 1016 420 non
1036 394 1084 420 ex
1105 378 1268 425 insidiis,

130 435 198 475 sed
229 444 360 489 aperte
390 451 434 477 ac
466 437 614 490 palam,
650 438 885 484 elaboratur,
918 447 961 474 ut
993 437 1110 474 rerba
1143 433 1270 473 verbis

131 491 244 544 quasi
269 492 454 532 demensa
479 501 517 531 et
542 492 651 545 paria
674 491 945 544 respondeant,
966 498 1010 529 ut
1030 492 1162 529 crebro
1182 501 1273 528 con-

130 545 305 586 ferantur
334 547 566 600 pugnantia,
605 555 956 600 comparenturque
988 545 1204 589 contraria;
1236 553 1273 582 et

133 609 179 640 ut
193 602 336 654 pariter
354 611 529 642 extrema
548 603 820 651 tcmiinentur,
835 600 1094 654 eumdemque
1107 600 1274 638 referant

133 656 175 695 in
202 657 374 697 cadendo
401 671 565 697 sonum:
597 672 701 711 quae,
730 658 771 696 in
799 657 959 696 veritate
985 668 1205 702 causarum,
1235 661 1274 692 et

133 711 258 751 rarius
275 713 404 752 multo
422 713 602 761 facimus,
627 722 664 752 et
691 721 792 752 certe
817 712 1016 751 occultius.
1067 711 1116 749 ln
1146 710 1274 748 Pana-

133 766 314 807 thenaico
339 775 471 807 autem
494 769 679 808 Isocrates
699 782 743 807 ea
762 767 931 806 studiose
949 774 1198 806 consecutum
1218 763 1276 802 sa-

134 828 260 861 tetur:
283 835 362 862 non
382 824 487 862 enim
507 823 557 862 ad
573 824 811 874 judiciorum
830 831 1040 872 certamen
1061 820 1128 861 sed
1143 819 1193 859 ad
1208 833 1275 859 vo-

133 876 326 931 luptatem
344 878 516 925 aurium,
538 879 751 931 scripserat.

191 932 291 972 Haec
304 934 485 973 tractasse
500 933 844 986 Thrasymachum
858 931 1181 979 chalcedonium,
1198 929 1278 983 pri-

134 999 264 1036 mum,
294 997 334 1027 et
352 988 593 1028 Leontinum
621 989 752 1028 ferunt
775 988 992 1041 Gorgiam;
1023 986 1277 1026 'lheodorum

134 1042 226 1083 inde
241 1043 496 1096 Byzantium,
517 1044 741 1097 multosque
755 1044 864 1093 alios,
879 1057 977 1097 quos
993 1050 1041 1080 Ae
1045 1040 1219 1091 7003011801)
1223 1056 1279 1084 ou,-

135 1098 342 1152 a'ppellat
332 1112 372 1137 m
402 1099 570 1138 Phaedro
597 1102 796 1146 Socrates3
827 1111 997 1152 quorum
1023 1097 1114 1137 satis
1140 1103 1279 1148 arguta

135 1154 278 1202 multa,
299 1153 380 1202 sed,
400 1163 447 1194 ut
464 1154 583 1193 modo
602 1155 856 1208 primumque
875 1154 1086 1202 nascentia,
1107 1152 1276 1198 minuta,

137 1216 175 1248 et
189 1208 466 1249 versiculorum
482 1209 625 1249 similia
639 1210 836 1264 quaedam,
852 1209 1100 1262 nimiumque
1114 1206 1278 1268 depicta·

137 1263 232 1313 Quo
261 1265 388 1316 magis
417 1273 510 1304 sunt
541 1265 765 1305 Herodotus
796 1264 1128 1317 Thucydidesque
1160 1262 1280 1301 mira·

136 1318 262 1366 biles;
292 1332 462 1383 quorum
493 1329 586 1359 aetas
616 1333 706 1359 cum
736 1321 777 1359 in
804 1334 939 1360 eorum
966 1328 1154 1371 tempora,
1183 1329 1281 1369 quos

137 1374 353 1424 nominavi,
373 1374 594 1438 incidisset,
607 1375 831 1438 longissime
850 1384 982 1414 tamen
1001 1374 1075 1427 ipsi
1094 1387 1118 1412 a
1137 1372 1279 1411 talibus

138 1428 298 1478 deliciis,
329 1431 391 1470 vel
422 1430 552 1484 potius
583 1430 753 1493 ineptiis,
773 1430 1009 1470 abfuerunt.
1040 1429 1137 1468 alter
1156 1427 1277 1473 enim,

139 1484 222 1524 sine
241 1485 333 1524 ullis
359 1486 533 1534 salebris,
561 1486 672 1538 quasi
697 1486 852 1525 sedatus
871 1485 1012 1533 amris,
1040 1483 1151 1522 fluit:
1183 1482 1281 1522 alter

140 1539 335 1580 incitatior
354 1540 491 1589 fertur,
513 1550 550 1581 et
564 1541 613 1580 de
632 1541 781 1581 bellicis
800 1542 915 1580 rebus
934 1540 1037 1580 canit
1051 1539 1168 1578 etiam
1184 1550 1282 1590 quo-

141 1594 354 1635 dammodo
372 1597 583 1636 bellicum·
613 1596 828 1650 primisque
847 1597 897 1635 ab
916 1595 977 1634 his
997 1598 1059 1639 (ut
1077 1594 1132 1634 ait
1151 1592 1283 1632 'Iheo-

141 1649 342 1703 phi-astus)
367 1651 529 1691 historia
550 1660 746 1691 commota
771 1661 843 1700 est,
863 1659 908 1690 ut
926 1650 1086 1690 auderet
1110 1648 1283 1695 uberius,

142 1718 264 1759 quam
283 1706 511 1759 superiores,
532 1714 570 1746 et
588 1707 761 1746 ornatius
779 1707 917 1746 dicere.

198 1760 328 1800 XIII.
359 1761 519 1801 Horum
539 1762 644 1801 aetati
664 1762 842 1802 successit
862 1762 1063 1810 Isocrates,
1080 1759 1163 1814 qui,
1184 1772 1284 1813 prae-

143 1821 202 1854 ter
220 1823 376 1856 caeteros
401 1817 576 1868 ejusdem
595 1817 760 1870 generis,
779 1817 963 1857 laudatur
988 1829 1140 1869 semper
1165 1828 1189 1853 a
1214 1826 1285 1853 no-

143 1870 219 1921 bis,
248 1883 550 1926 nonnunquam,
578 1873 717 1920 Brute,
745 1873 881 1912 lenter
906 1881 944 1912 et
971 1871 1119 1911 erudite
1141 1883 1284 1922 repug-

144 1933 265 1966 nante
292 1935 342 1966 te.
382 1927 461 1967 Sed
491 1927 603 1967 cedas
632 1927 732 1967 1111111
762 1928 936 1977 fortasse,
968 1927 1015 1976 si,
1042 1926 1138 1979 quid
1168 1925 1209 1964 in
1240 1937 1286 1963 eo

145 1980 321 2031 laudem,
341 1983 576 2034 cognoveris.
607 1983 732 2033 Nam,
753 1996 844 2022 cum
864 1983 1038 2023 concisus
1057 1982 1092 2021 ei
1111 1981 1286 2031 Thrasy

150 2036 315 2076 machus
333 2037 497 2077 minutis
521 2038 695 2077 numeris
721 2038 929 2088 videretur,
950 2046 990 2078 et
1014 2037 1194 2089 Gorgias,
1221 2033 1291 2086 qui

147 2098 282 2130 tamen
301 2092 420 2144 primi
439 2093 647 2133 traduntur
666 2101 747 2132 arte
766 2093 939 2147 quadam
959 2094 1077 2133 verba
1095 2090 1290 2134 vinxisse;

148 2144 381 2187 Theodorus
406 2154 539 2186 autem
564 2148 815 2211 praefractior,
846 2161 918 2188 nec
944 2148 1036 2188 satis
1063 2150 1126 2191 (ut
1151 2145 1206 2184 ita
1230 2143 1290 2182 di-

148 2208 254 2249 cam)
279 2201 495 2241 rotundus·
483 2231 496 2249 ,
525 2203 678 2256 primus
703 2203 871 2245 instituit
896 2203 1059 2243 dilatare
1084 2200 1293 2248 verbis,et

150 2256 396 2297 mollioribus
413 2257 587 2298 numeris
606 2258 763 2311 explere
778 2259 997 2298 sententlas.
1043 2257 1092 2297 In
1108 2268 1187 2309 quo
1205 2266 1296 2294 cum
