1456 2396
283 105 463 147 ORAT.
489 101 905 156 PARTITIONES,
936 104 1042 145 cAp.
1063 105 1102 145 6.
1182 107 1258 147 103

119 214 311 263 missione,
327 222 395 255 aut
409 215 621 255 concisione
633 216 858 254 verborum:
876 216 1082 254 obscurum
1098 223 1242 267 autem,

114 276 186 307 aut
210 270 451 322 longitudine
476 278 544 308 aut
569 270 825 308 contractione
851 269 1045 317 orationis,
1073 279 1140 309 aut
1159 284 1243 310 am-

118 323 318 374 biguitate,
345 332 413 363 aut
438 324 644 362 inflexione
671 331 786 375 atque
812 324 1082 363 immutatione
1107 327 1242 364 verbo-

116 390 216 415 rum.
258 379 433 418 Brevitas
452 386 582 417 autem
603 378 800 417 conficitur
824 378 1062 430 simplicibus
1088 381 1237 419 verbis:

116 433 234 471 semel
252 434 488 486 unaquaque
513 447 554 471 re
579 432 755 480 dicenda,
776 433 875 470 nulli
894 433 962 480 rei,
983 434 1057 471 nisi
1076 441 1119 471 ut
1138 433 1240 473 dilu-

115 486 198 524 cide
227 487 344 535 dicas,
379 487 587 526 serviendo.
633 487 838 525 Probabile
865 496 996 526 autem
1029 501 1150 538 genus
1183 497 1240 528 est

111 541 307 591 orationis,
322 542 359 580 -si
377 555 455 581 non
474 542 589 580 nimis
609 548 664 580 est
679 549 849 580 comtum
866 549 981 594 atque
996 543 1209 594 expolitum
1224 559 1237 590 ς

115 595 148 633 si
165 603 222 634 est
239 597 441 635 auctoritas
460 604 498 635 et
516 596 667 648 pondus
685 596 724 634 in
746 596 870 635 verbis
889 610 900 641 ;
923 596 954 634 31
969 597 1164 636 sententiae
1179 600 1239 637 vel

113 663 261 701 graves,
281 651 343 690 vel
367 659 467 702 aptae
492 651 736 702 opinionibus
761 650 964 689 hominum
991 658 1029 689 et
1050 653 1235 692 moribus.

114 704 283 744 mustris
311 712 441 744 autem
467 705 588 744 oratio
613 713 682 751 est,
712 705 744 744 si
770 712 807 744 et
832 707 948 744 verba
965 706 1151 756 gravitate
1170 708 1236 746 de-

111 759 211 798 lecta
234 767 446 812 ponuntur,
475 767 513 798 et
536 760 733 808 translata,
758 767 795 798 et
815 761 1019 811 superlata,
1041 768 1078 799 et
1097 761 1147 798 ad
1165 775 1234 801 no-

111 825 202 852 men
216 814 409 881 adjuncta,
431 822 468 852 et
482 814 691 866 duplicata,
713 821 750 852 et
764 814 867 852 idem
888 814 1155 866 significantia,
1177 824 1234 856 at.

110 881 187 920 que
204 869 282 908 ab
270 882 356 922 1psa
380 869 528 907 actione
549 876 665 921 atque
689 869 904 907 imitatione
921 882 1050 908 rerum
1070 882 1148 908 non
1167 873 1236 910 ab-

108 922 313 962 horrentia.
352 923 427 962 Est
456 923 560 962 enim
589 923 671 961 haec
701 936 788 974 pars
818 923 1012 971 orationis,
1039 938 1128 976 quae
1152 939 1235 964 rem

107 978 313 1017 constituat
329 991 439 1031 paene
458 986 546 1016 ante
564 978 717 1017 oculos.
739 978 770 1016 is
790 979 894 1016 enim
912 979 1083 1018 maxime
1102 992 1235 1019 sensus

107 1032 335 1085 attingitur.
366 1033 433 1072 sed
451 1033 576 1072 caeteri
601 1040 746 1080 tamen,
774 1040 811 1070 et
833 1033 1005 1071 maxime
1023 1046 1132 1072 mens
1151 1035 1236 1086 ipsa

106 1088 253 1127 moveri
270 1095 405 1149 potest.
450 1088 526 1127 Sed
545 1101 632 1139 quae
651 1087 753 1125 dicta
771 1095 860 1125 sunt
879 1087 926 1125 de
945 1087 1114 1127 oratione
1132 1090 1234 1129 dilu-

106 1142 210 1192 cida,
226 1142 423 1182 cadumin
442 1143 541 1181 hanc
558 1142 747 1181 illustrem
767 1142 909 1180 omnia.
939 1141 1013 1180 Est
1027 1143 1129 1182 enim
1144 1146 1234 1197 plus

106 1197 308 1250 aliquanto
326 1197 489 1246 illustre,
510 1210 628 1249 quam
647 1196 747 1234 illud
765 1196 1004 1235 dilucidum:
1036 1198 1154 1238 altero
1173 1201 1231 1248 fit,

109 1260 155 1291 ut
185 1252 462 1304 intelligamus,
496 1252 615 1290 altero
645 1264 748 1299 vero,
783 1259 827 1289 ut
860 1251 987 1290 videre
1020 1253 1230 1293 videamur.

108 1308 237 1346 Suave
261 1316 392 1346 autem
418 1319 539 1358 genus
565 1306 635 1344 erit
660 1305 824 1353 dicendi,
846 1306 1018 1357 primum
1044 1308 1234 1359 elegantia

107 1370 145 1401 et
156 1362 397 1424 jucunditate
408 1363 612 1400 verborum
624 1360 844 1398 sonantium
857 1367 893 1398 ct
904 1361 1078 1408 lenium,
1068 1376 1077 1386 ·
1095 1363 1233 1402 deinde

106 1417 388 1468 conjunctione,
416 1430 504 1468 quae
522 1428 648 1468 neque
673 1428 824 1466 asperos
848 1414 987 1453 habeat
1011 1429 1230 1467 concursus,

107 1485 233 1525 neque
255 1472 465 1521 disjunctos
483 1478 599 1522 atque
618 1470 790 1508 hiantes:
823 1477 860 1508 et
879 1470 927 1508 sit
946 1472 1233 1524 circumscripta

102 1540 180 1566 non
198 1527 315 1578 longo
334 1525 522 1572 anfractu,
544 1525 610 1563 sed
629 1524 678 1562 ad
697 1525 875 1575 spiritum
902 1525 1002 1564 vocis
1026 1534 1130 1578 apto,
1162 1528 1231 1566 ha-

103 1584 269 1634 beatq·1e
302 1579 596 1619 similitudinem
630 1579 968 1631 aequalitatemque
996 1583 1228 1629 verborum,

104 1645 190 1676 tum
209 1650 258 1675 ex
272 1635 467 1674 contrariis
487 1642 615 1673 sumta
629 1634 778 1672 verbis·
801 1636 931 1672 crebra
950 1636 1102 1683 crebris,
1123 1639 1231 1689 paria

104 1692 261 1753 paribus
279 1689 547 1742 respondeant,
569 1689 764 1741 relataque
783 1688 833 1726 ad
852 1689 954 1727 idem
982 1692 1168 1730 v·erbum
1191 1700 1229 1732 et

103 1746 311 1798 geminata,
340 1753 456 1797 atque
482 1744 691 1796 duplicata,
716 1743 777 1782 vel
796 1743 912 1781 etiam
939 1745 1077 1796 saepius
1096 1746 1230 1787 iterata

102 1806 320 1853 ponantur·
351 1799 658 1850 constructioque
690 1799 894 1836 verborum
928 1806 1014 1837 tum
1047 1802 1229 1851 conjunc-

102 1855 271 1894 tionibus
307 1855 520 1916 copuletur,
560 1861 645 1891 tum
679 1852 991 1892 dissolutionibus
1024 1855 1228 1896 relaxetur.

103 1910 169 1949 Fit
193 1910 309 1948 etiam
335 1909 462 1947 suavis
490 1908 625 1955 oratio,
653 1920 742 1946 cum
772 1907 919 1960 aliquid
951 1916 1018 1946 aut
1042 1909 1227 1973 invisum,

103 1971 172 2003 aut
200 1964 436 2012 inauditum,
468 1971 537 2001 aut
568 1975 715 2001 novum
748 1961 862 2000 dicas.
912 1961 1089 2002 Delectat
1124 1966 1228 2004 enirn

103 2019 295 2072 quidquid
313 2026 369 2057 est
383 2017 634 2061 admirabile,
655 2017 904 2068 maximeque
915 2030 1005 2056 11101
1007 2025 1044 2056 et
1062 2032 1120 2067 ea,
1142 2033 1231 2072 quae

102 2081 255 2113 motum
269 2073 439 2135 aliquem
458 2071 579 2110 animi
596 2072 745 2118 miscet,
772 2071 907 2119 oratio,
928 2085 1092 2124 quaeque
1112 2074 1230 2125 signi-

103 2128 192 2167 ficat
209 2128 366 2167 oratoris
388 2127 508 2179 ipsius
533 2126 717 2164 amabiles
735 2139 887 2172 mores,
918 2127 986 2178 qui
1005 2128 1230 2178 exprimun-

103 2190 181 2230 tur,
197 2190 265 2221 aut
283 2181 532 2234 significando
543 2180 713 2230 judicio·
703 2180 823 2231 ipsius
842 2194 890 2219 ex
909 2181 1038 2220 animo
1058 2182 1230 2221 humano

103 2250 148 2277 ac
164 2237 327 2285 liberali,
348 2246 415 2276 aut
428 2236 634 2275 inflexione
649 2235 846 2282 sermonis,
868 2249 957 2274 cum
977 2244 1043 2275 aut
1063 2239 1230 2288 augendi
