1456 2396
269 71 348 108 312
399 38 877 108 ACADEMICORUM
897 67 996 108 Lm.
1010 67 1068 108 11.
1085 68 1189 108 cn.
1205 70 1270 109 21.

268 176 366 222 dixi)
386 176 450 214 sed
468 176 514 214 de
533 175 710 227 sapiente,
731 176 922 227 quaeritur.
950 174 1046 214 Visa
1063 175 1164 214 enim
1181 175 1265 224 ista,
1279 187 1367 215 cum

269 230 401 267 acriter
414 237 579 267 mentem
595 242 789 267 sensumve
802 229 1042 280 pepulerunt,
1055 229 1194 280 accipio
1207 242 1219 274 3
1234 227 1369 280 hisque

269 282 459 320 interdum
479 283 592 320 etiam
607 283 807 326 assentior3
838 295 905 320 nec
916 281 1078 333 percipio
1090 289 1228 320 tamen.
1257 282 1370 320 Nihil

269 335 372 373 enim
391 335 548 373 arbitror
565 347 672 386 posse
689 335 841 386 percipi.
872 335 963 373 Non
991 347 1076 372 sum
1098 335 1269 386 sapiens:
1299 335 1370 373 ita-

269 401 344 439 que
362 388 449 426 visis
463 388 566 435 ced0,
585 401 707 439 neque
724 401 877 439 possum
896 387 1072 426 resistere.
1101 388 1287 439 Sapientis
1301 401 1370 426 au-

269 448 347 479 tem
365 441 462 479 hanc
480 449 602 480 censet
615 442 802 479 Arcesilas
816 442 893 478 vim
913 454 989 479 esse
1002 440 1226 489 maximam,
1248 441 1371 479 Zeno-

270 494 311 531 ni
330 494 545 541 assentiens,
559 507 686 532 cavere
700 507 747 532 ne
761 495 929 545 capiatur
942 507 954 539 ;
983 506 1032 531 ne
1049 493 1216 540 fallam,
1232 493 1369 532 videre.

271 547 384 585 Nihil
403 555 457 585 eet
475 547 578 585 enim
596 548 643 584 ab
662 548 706 585 ea
730 548 965 598 cogitatione,
986 559 1103 597 quam
1123 547 1307 584 habemus
1325 547 1373 585 de

271 601 453 662 gravitate
485 600 673 651 sapientis,
704 613 838 649 errore,
868 599 1033 648 levitate,
1059 599 1267 638 temeritate
1296 599 1373 638 dis-

269 654 451 703 junctius.

325 707 432 754 Quid
449 707 565 758 igitur
582 707 717 759 loquar
741 706 787 745 de
815 705 991 745 firmitate
1019 705 1229 758 sapientis?
1257 719 1374 757 quem

271 760 425 810 quidem
452 761 547 798 nihil
572 761 717 811 opinari
742 768 784 797 tu
810 773 974 811 quoque,
996 759 1170 807 Luculle,
1191 759 1373 798 concedis.

272 813 388 860 Quod
407 814 587 865 quoniam
613 827 635 851 a
659 822 695 851 te
713 815 906 864 probatur,
928 817 988 855 (ut
1005 820 1228 864 praepostere
1246 819 1374 850 tecum

271 879 407 916 agam·
397 895 408 911 ,
436 880 528 904 mox
547 867 705 905 referam
724 880 786 905 me
804 867 852 904 ad
871 866 1056 914 ordinem)
1075 867 1170 915 haec,
1189 865 1374 917 primum,

273 920 460 958 conclusio
480 933 596 971 quam
613 921 750 958 habeat
768 920 860 968 vim,
881 920 1081 958 considera.

324 972 442 1011 XXI.
473 974 514 1011 Si
532 973 602 1010 ulli
619 974 672 1011 rei
699 973 844 1024 sapiens
862 973 1081 1011 assentietur
1098 985 1284 1024 unquam,
1305 972 1375 1010 ali-

271 1026 423 1077 quando
443 1027 555 1064 etiam
575 1026 815 1077 opinabitur:
846 1038 1044 1077 nunquam
1058 1033 1187 1064 autem
1204 1025 1377 1076 opinabi-

272 1087 358 1116 tur:
388 1079 485 1116 nulli
503 1079 618 1129 igitur
636 1079 690 1117 rei
707 1079 936 1117 assentietur.
967 1079 1080 1117 Hanc
1097 1079 1377 1117 conclusionem

273 1132 462 1170 Arcesilas
480 1134 685 1182 probabat:
708 1132 953 1170 confirmabat
971 1132 1072 1170 enim
1087 1139 1124 1169 et
1139 1131 1323 1182 primum,
1339 1139 1378 1170 et

274 1185 493 1222 secundum.
535 1184 744 1222 Carneades
762 1197 1038 1236 nonnunquam
1056 1184 1264 1223 secundum
1281 1184 1380 1223 illud

273 1237 400 1285 dabat,
421 1238 589 1276 assentiri
607 1238 821 1289 aliquando.
851 1238 915 1276 Ita
931 1239 1157 1289 sequebatur
1168 1237 1282 1275 etiam
1295 1237 1379 1289 opi-

274 1291 381 1336 nari;
421 1291 522 1342 quod
554 1298 596 1328 tu
625 1303 702 1328 non
733 1291 803 1338 vis,
834 1298 872 1329 et
898 1298 1010 1338 recte,
1035 1301 1079 1328 ut
1104 1289 1202 1328 mihi
1229 1289 1379 1329 videris.

276 1344 352 1382 Sed
378 1344 474 1381 illud
500 1343 684 1395 primum,
717 1344 937 1394 sapientem,
967 1343 1000 1382 si
1026 1355 1242 1381 assensurus
1270 1350 1379 1393 esset,

276 1397 391 1435 etiam
418 1398 675 1448 opinaturum,
702 1397 841 1435 falsum
866 1410 943 1436 esse
968 1403 1005 1435 et
1030 1396 1147 1436 Stoici
1171 1395 1315 1443 dicunt,
1342 1405 1381 1435 et

277 1462 408 1488 eorum
427 1451 673 1501 adstipulator
682 1450 920 1488 Antiochus·
949 1462 1057 1511 posse
1070 1449 1173 1488 enim
1186 1461 1275 1487 eum
1286 1449 1382 1488 falsa

277 1516 301 1541 a
319 1503 427 1550 veris,
448 1511 485 1542 et
503 1517 589 1555 quae
614 1516 691 1542 non
709 1504 852 1554 possint
871 1503 1026 1555 percipi,
1045 1505 1093 1542 ab
1118 1503 1164 1541 iis
1185 1515 1282 1563 quae
1294 1515 1382 1554 pos-

279 1557 367 1604 sint,
405 1557 644 1607 distinguere.
691 1557 814 1594 Nobis
842 1565 985 1605 autem,
1022 1556 1205 1608 primum,
1235 1555 1382 1594 etiamsi

278 1585 372 1660 quid
389 1610 529 1661 percipi
542 1610 671 1660 possit,
686 1617 813 1648 tamen
827 1610 908 1661 ipsa
919 1609 1147 1648 consuetudo
1157 1609 1383 1647 assentiendi

279 1663 486 1714 periculosa
505 1676 581 1701 esse
598 1663 746 1701 videtur
764 1671 800 1701 et
817 1663 972 1701 lubrica.

335 1716 610 1764 Quamobrem,
631 1729 718 1754 cum
738 1725 818 1754 tam
841 1716 1019 1755 vitiosum
1042 1728 1120 1754 esse
1144 1722 1299 1764 constet,
1324 1728 1383 1754 as-

281 1769 409 1807 sentiri
427 1769 637 1821 quidquam
656 1777 722 1807 aut
739 1769 879 1807 falsum
897 1777 964 1808 aut
980 1768 1215 1820 incognitum
1230 1782 1242 1815 ;
1273 1769 1384 1808 susti-

281 1822 406 1860 nenda
437 1830 492 1860 est
522 1823 646 1873 potius
675 1823 797 1861 omnis
827 1823 1001 1871 assensio,
1030 1835 1078 1860 ne
1104 1822 1324 1873 praecipitet,
1352 1823 1386 1861 si

282 1882 421 1913 temere
438 1876 664 1927 processerit.
695 1877 757 1913 Ita
770 1877 871 1914 enim
889 1876 1051 1914 finitima
1061 1883 1149 1913 sunt
1166 1876 1262 1913 falsa
1271 1875 1382 1924 veris,

284 1941 402 1980 oeque
432 1943 517 1980 quae
546 1929 687 1980 percipi
712 1941 787 1967 non
816 1937 986 1980 possunt,
1016 1929 1061 1967 iis
1093 1943 1178 1980 quae
1209 1936 1382 1980 possunt,

284 1982 332 2024 (si
350 1982 463 2020 modo
482 1995 525 2020 ea
543 1990 630 2019 sunt
648 1982 846 2033 quaedam:
874 1984 956 2032 jam
975 1983 1076 2020 enim
1095 1982 1321 2029 videbimus)
1339 1988 1385 2020 ut

284 2042 364 2072 tam
382 2036 610 2086 praecipitem
629 2036 668 2072 in
686 2036 812 2073 locum
824 2048 900 2073 non
916 2036 1048 2074 debeat
1066 2048 1104 2073 se
1117 2035 1263 2086 sapiens
1282 2047 1385 2073 com-

285 2088 443 2127 mittere.
480 2089 547 2128 Sin
565 2097 706 2135 autem,
727 2089 881 2127 omnino
899 2089 995 2127 nihil
1013 2102 1103 2136 esse,
1124 2088 1226 2140 quod
1243 2087 1384 2140 percipi

285 2142 414 2193 possit,
434 2155 457 2181 a
473 2155 535 2182 me
549 2155 729 2194 sumsero,
749 2150 800 2191 et,
815 2142 918 2195 quod
936 2150 979 2182 tu
993 2142 1089 2183 mihi
1099 2142 1179 2194 das,
1193 2153 1381 2195 accepero,
