1456 2396
285 134 368 173 AD
389 132 769 182 HERENNIUM,
786 133 885 173 LIB.
903 133 978 174 IV.
996 133 1102 174 CAP.
1116 136 1153 174 4.
1196 135 1276 174 213

164 250 261 281 tores
279 250 316 281 et
333 245 470 293 poe‘tae,
492 250 529 280 et
547 255 662 281 suum
681 243 843 295 quisque
862 242 909 281 de
927 243 1033 282 libris
1052 243 1246 282 sustulerit
1262 258 1275 290 3

163 297 259 335 nihil
278 297 372 344 istis,
394 297 498 348 quod
517 310 632 334 suum
650 297 782 346 velint,
799 297 1046 348 relinquetur.
1075 299 1134 336 At
1148 311 1278 336 exem-

162 352 241 402 pla,
262 351 445 402 quoniam
470 351 774 389 testimoniorum
793 351 932 389 similia
950 359 1053 397 sunt,
1077 353 1169 390 item
1189 364 1279 390 con-

163 405 280 450 venit,
312 412 356 442 ut
400 405 631 451 testimonia,
664 407 713 443 ab
746 405 967 443 hominibus
1002 406 1279 456 probatissimis

162 459 275 496 sumi.
306 458 486 496 Primum
504 459 677 497 omnium
699 460 876 510 exempla
894 468 1089 509 ponuntur
1107 461 1185 507 hic,
1202 473 1280 498 non

162 513 416 551 confirmandi
445 526 570 564 neque
600 513 826 551 testificandi
858 513 986 559 cause,
1024 514 1090 552 sod
1120 514 1280 552 demon-

162 567 320 605 strandi.
350 567 443 605 Non
463 567 581 615 enim,
602 580 691 605 cum
710 567 872 605 dicimus
887 580 965 605 esse
979 568 1279 614 exornationem,

163 634 251 672 quae
271 621 394 664 (verbi
419 622 550 669 causa)
577 628 722 659 constet
747 635 796 659 ex
822 621 996 659 similiter
1020 621 1282 660 desinentibus

164 675 302 722 verbis,
323 682 360 713 et
378 675 558 726 ponimus
583 675 655 713 hoc
680 676 903 726 exemplum
928 689 951 712 a
976 676 1125 720 Crasso,
1147 679 1282 726 quibus

157 742 378 778 possumus,
398 734 435 766 et
454 731 641 777 debemus,
658 742 733 767 non
755 730 1016 767 testimonium
1035 730 1280 777 collocamus,

163 783 230 821 sed
249 783 484 834 exemplum.
516 783 603 822 Hoc
621 783 739 834 igitur
761 783 916 822 interest
938 784 1036 821 inter
1059 785 1282 835 exemplum

163 844 202 875 et
220 837 507 875 testimonium:
537 838 714 889 exemplo
733 838 1014 876 demonstratur
1032 837 1085 885 id,
1103 839 1206 889 quod
1224 838 1282 875 di-

163 891 300 937 cimus,
320 892 537 939 cujusmodi
557 892 630 930 sit:
662 892 892 939 testimonio,
913 905 991 930 esse
1016 892 1115 929 illud
1140 892 1208 937 ita,
1239 900 1284 930 ut

164 957 233 983 nos
252 945 429 991 dicimus,
450 947 707 984 confirmatur.
739 947 929 984 Praeterea
947 954 1093 996 oportet
1113 946 1283 984 testimo-

165 999 276 1037 nium
295 1012 384 1037 cum
404 1012 443 1037 re
462 1000 685 1038 convenire:
717 1001 825 1038 aliter
844 1000 947 1038 enim
966 1013 1047 1038 rein
1067 1013 1143 1038 non
1159 1008 1283 1051 potest

164 1053 399 1092 confirmare.
429 1054 488 1092 At
506 1054 560 1103 id,
581 1054 685 1105 quod
696 1054 753 1091 illi
771 1054 930 1102 faciunt,
947 1067 1036 1092 cum
1051 1067 1091 1092 re
1105 1067 1181 1092 non
1194 1067 1283 1092 con-

164 1107 279 1146 venit.
309 1107 418 1155 Quid
435 1109 520 1147 ita?
549 1108 641 1159 quia
658 1109 888 1169 pollicentur
905 1115 1026 1146 artem
1041 1122 1081 1147 se
1095 1110 1282 1154 scribere;

163 1170 202 1199 et
226 1163 403 1213 exempla
428 1162 627 1213 proferunt
652 1164 701 1200 ab
727 1162 774 1200 113
798 1163 1042 1223 plerumque,
1063 1163 1131 1214 qui
1161 1171 1283 1200 artem

164 1216 388 1254 nescierunt.
431 1216 541 1254 Tum
569 1217 654 1268 quis
682 1225 751 1263 est,
782 1217 863 1277 qui.
876 1218 994 1267 possit
1021 1216 1076 1265 id,
1105 1217 1210 1268 quod
1237 1217 1285 1254 de

164 1278 245 1307 arte
272 1270 475 1321 scripserit,
504 1273 764 1322 comprobare,
794 1271 868 1308 11131
894 1271 1041 1322 aliquid
1069 1272 1208 1309 scribat
1234 1284 1283 1308 ex

165 1325 280 1362 arte?
311 1324 532 1376 Contraque
555 1324 716 1373 faciunt,
737 1338 856 1376 quam
881 1325 1051 1375 polliceri
1078 1325 1282 1363 videntur:

165 1390 272 1425 nam,
293 1391 382 1416 cum
401 1379 561 1417 scribere
579 1386 700 1416 artem
725 1379 945 1427 instituunt,
965 1379 1143 1417 videntur
1161 1379 1285 1417 dicere

166 1445 206 1470 se
224 1432 470 1483 excogitasse,
494 1432 598 1484 quod
623 1433 716 1471 alios
741 1433 940 1471 docerent:
970 1446 1062 1471 cum
1080 1445 1170 1471 vcro
1195 1433 1285 1471 scri-

166 1488 280 1533 bunt,
301 1487 506 1525 ostendunt
524 1486 648 1533 nobis,
669 1487 764 1538 quid
782 1487 848 1524 aiii
867 1487 1129 1538 excogitarint.

209 1541 284 1579 IV.
301 1544 328 1563 ⁸⁴
337 1542 474 1579 Athoc
481 1541 610 1592 ipsum
622 1540 775 1579 difficile
787 1541 885 1587 est,'’
898 1540 1095 1592 inquiunt,
1111 1543 1138 1563 ‘⁴
1149 1540 1286 1592 eligere

166 1594 214 1633 de
228 1595 401 1633 multis.''
431 1595 539 1643 Quid
551 1595 674 1633 dicitis
685 1594 837 1633 difficile
851 1597 868 1633 ἓ
888 1602 1020 1633 utrum
1034 1595 1282 1643 laboriosum,

165 1662 216 1687 an
234 1649 513 1688 artificiosum?
543 1649 586 1688 Si
603 1649 850 1696 laboriosum,
871 1662 947 1687 non
975 1650 1102 1687 statim
1128 1649 1286 1701 praecla-

166 1716 279 1741 rum:
310 1711 401 1741 sunt
432 1704 535 1742 enim
563 1704 688 1741 multa
715 1704 916 1751 laboriosa,
948 1717 1036 1755 quae
1063 1704 1096 1742 si
1122 1703 1284 1751 faciatis,

165 1771 244 1796 non
273 1757 454 1796 continuo
481 1757 721 1808 gloriemini3
752 1757 825 1795 11131
843 1757 940 1795 forte
962 1759 1093 1805 etiam,
1114 1757 1145 1795 si
1163 1757 1288 1796 voetr‘iz

165 1824 286 1850 manu
319 1812 469 1850 fabulas
501 1820 568 1850 aut
597 1812 783 1850 orationes
813 1819 910 1850 totas
946 1811 1285 1862 transcripsissetis,

167 1866 378 1917 gloriosum
409 1866 604 1917 putaretis.
651 1866 719 1904 Sin
750 1875 880 1904 autem
908 1865 1012 1904 istud
1040 1866 1287 1904 artificiosum

168 1920 365 1971 egregium
383 1920 530 1964 dicitis3
560 1920 684 1958 videte
710 1933 758 1958 ne
776 1919 915 1958 insueti
940 1933 1069 1958 rerum
1094 1921 1288 1969 majorum

168 1974 389 2023 videamini,
410 1974 442 2012 si
467 1987 533 2012 vos
558 1987 675 2026 parva
699 1988 773 2021 res,
800 1974 912 2012 sicuti
929 1987 1085 2025 magna,
1113 1974 1286 2012 delectat.

170 2028 278 2066 Nam
306 2028 378 2066 isto
403 2027 520 2066 modo
543 2029 680 2080 eligere
704 2028 810 2067 rudis
828 2027 986 2080 quidem
1010 2041 1125 2066 nemo
1150 2034 1288 2079 potest,

169 2082 234 2120 sed
252 2082 334 2120 sine
351 2095 505 2120 summo
523 2082 681 2121 artificio
698 2082 825 2121 multi.
855 2082 1043 2134 Quisquis
1061 2082 1165 2120 enim
1179 2081 1289 2118 audi-

170 2137 242 2174 erit
259 2136 307 2174 de
325 2143 405 2174 arte
423 2136 539 2187 paulo
557 2136 690 2188 plus,
680 2149 721 2175 m
740 2136 952 2175 elocutione
968 2136 1191 2188 praesertim,
1204 2147 1287 2173 0111

171 2190 236 2229 nia
269 2190 395 2229 videre
427 2190 579 2241 poterit,
608 2204 696 2242 quae
728 2204 776 2229 ex
811 2197 891 2229 arte
922 2189 1290 2235 dicuntu13facere

173 2257 287 2284 nemo
304 2244 457 2297 poterit,
483 2244 557 2283 nisi
582 2245 776 2285 eruditus·
807 2245 860 2284 ita
885 2252 942 2295 ut,
969 2244 1001 2284 si
1026 2244 1074 2283 de
1099 2218 1289 2296 tiagfflliis
