1456 2396
189 86 242 127 02
530 77 765 129 TOPICA,
786 77 894 118 cn.
914 79 982 118 22.

250 190 379 230 Causa
389 188 500 230 certis
509 189 694 242 personiS,
707 189 813 238 locis,
829 188 1081 241 temporibus,
1096 188 1324 238 actionibus,

197 245 373 297 negotiis,
393 245 573 293 cernitur,
601 252 669 283 aut
692 244 733 282 in
758 244 952 293 omnibus,
976 251 1045 282 aut
1068 243 1111 281 in
1131 243 1325 297 plerisque

200 313 358 338 eorum:
389 299 629 352 propositum
647 306 793 346 autem,
819 298 860 336 in
879 298 1010 350 aliquo
1028 311 1176 347 eorum,
1196 306 1264 337 aut
1282 300 1324 338 in

199 354 390 406 pluribus,
411 366 481 392 nec
496 362 625 393 tamen
643 353 684 391 in
702 353 896 391 maximis.
927 353 1068 405 Itaque
1084 353 1326 405 propositum

199 422 287 460 pars
301 421 425 447 causae
443 415 510 447 est.
539 407 617 447 Sed
635 408 760 446 omnis
780 407 953 460 quaestio,
975 420 1108 446 earum
1127 407 1260 460 aliqua
1277 408 1326 446 de

201 476 242 502 re
271 470 341 511 est,
362 464 503 516 quibus
522 475 646 501 causae
664 462 920 510 continentur,
950 470 1018 501 aut
1036 462 1131 512 una,
1150 469 1218 500 aut
1236 462 1327 514 plu-

202 517 324 566 ribus,
344 525 413 556 aut
428 530 710 569 nonnunquam
729 517 921 555 omnibus.

256 572 527 620 Quaestionum
552 580 697 619 autem,
729 571 976 623 quacumque
994 570 1043 609 de
1063 583 1105 610 re
1132 570 1223 619 sint,
1250 570 1329 611 duo

201 634 292 666 sunt
323 639 490 678 genera;
527 639 652 664 unum
685 625 926 676 cognitionis,
959 626 1124 664 alterum
1156 626 1328 665 actionis.

202 681 442 733 Cognitionis
462 688 552 720 sunt
568 680 643 728 hae,
658 693 823 731 quarum
838 680 924 718 finis
940 688 996 719 est
1011 680 1192 727 scientia;
1221 687 1280 728 ut,
1297 680 1329 719 si

204 743 412 788 quaeratur,
426 739 465 774 A
479 735 667 774 naturane
682 736 746 784 jus
765 734 980 786 profectum
993 734 1056 783 sit,
1077 747 1127 773 an
1139 737 1188 774 ab
1199 735 1331 787 aliqua

202 790 314 842 quasi
332 790 547 829 conditione
564 789 770 828 hominum
789 797 826 827 et
840 789 1014 841 pactione
1024 791 1042 828 ἓ
1070 789 1249 829 Actionis
1261 803 1332 829 au-

205 852 285 883 tem
321 844 545 895 hujusmodi
577 844 756 895 exempla
782 852 897 883 sunt:
939 843 1048 883 Sitne
1075 844 1256 897 sapientis
1283 844 1334 884 ad

204 900 484 951 rempublicam
503 898 678 938 accedere
693 901 710 937 ?

258 953 499 1005 Cognitionis
529 953 756 1005 quaestiones
785 953 984 1005 tripertitae
1011 962 1115 1003 sunt,
1146 966 1252 1003 cum,
1282 967 1332 993 an

204 1007 267 1056 sit,
295 1017 363 1047 aut
392 1008 487 1060 quid
517 1009 580 1055 sit,
612 1016 679 1046 aut
707 1008 821 1060 quale
849 1008 912 1056 sit,
937 1009 1134 1060 quaeritur.
1175 1009 1333 1048 Horum

202 1063 375 1114 primum
405 1062 636 1112 conjectura,
668 1062 881 1101 secundum
910 1062 1145 1113 definitione,
1173 1064 1334 1103 tertium

199 1117 298 1167 juris
317 1125 355 1155 et
373 1117 524 1167 injuriae
543 1116 799 1178 distinetione,
820 1117 1046 1168 explicatur.

259 1171 500 1221 Conjecturae
517 1171 613 1210 ratio
632 1171 673 1209 in
692 1180 858 1233 quatuor
875 1180 1003 1233 partes
1021 1171 1226 1211 distributa
1250 1180 1332 1221 ὄις

204 1239 372 1278 quarum
391 1239 470 1264 una
489 1233 557 1273 est,
574 1238 664 1264 cum
679 1226 879 1278 quaeritur,
895 1226 993 1265 sitne
1007 1227 1177 1278 aliquid;
1198 1228 1331 1277 altera,

205 1280 309 1319 unde
345 1289 474 1319 ortum
511 1280 588 1326 sit,
631 1280 757 1327 tertia,
796 1294 884 1333 quae
919 1281 960 1319 id
992 1293 1107 1320 causa
1139 1281 1331 1330 effeoerit;

205 1342 357 1387 quarta,
377 1335 419 1373 in
438 1348 517 1387 qua
536 1334 584 1373 de
597 1335 811 1373 mutatione
825 1335 880 1374 rei
894 1336 1100 1387 quaeritur:
1126 1336 1199 1385 Sit,
1214 1349 1334 1377 necne

205 1390 278 1428 sit:
320 1389 550 1442 ecquidnam
583 1389 788 1428 honestum
820 1390 894 1428 sit:
937 1390 1075 1442 ecquid
1107 1404 1265 1442 aequum
1293 1405 1336 1431 re

206 1443 321 1490 νει-ὲς
350 1457 400 1482 an
418 1445 501 1483 haec
519 1451 673 1482 tantum
692 1443 733 1481 in
751 1444 931 1495 opinione
950 1445 1038 1483 sint.
1070 1445 1186 1484 Unde
1204 1454 1336 1486 autem

205 1498 255 1537 sit
273 1506 416 1546 ortum,
444 1506 503 1546 ut,
530 1511 619 1537 cum
647 1498 846 1550 quaeritur,
873 1499 1043 1548 Natura,
1069 1511 1120 1538 an
1145 1499 1333 1551 doctrina,

204 1553 323 1605 possit
338 1552 434 1592 effici
446 1553 595 1592 virtus?
620 1552 748 1591 Causa
762 1561 893 1592 autem
908 1553 1072 1592 efficiens
1086 1553 1152 1601 sic,
1167 1563 1226 1604 ut,
1242 1568 1334 1595 cum

205 1607 405 1660 quaeritur,
444 1607 600 1656 Quibus
631 1609 746 1646 rebus
778 1608 997 1660 eloquentia
1028 1608 1224 1648 efficiam.
1271 1610 1336 1650 De

206 1661 521 1710 commutatione,
552 1661 627 1700 sic:
669 1661 845 1701 Possitne
873 1663 1094 1714 eloquentia
1121 1673 1337 1705 commum

205 1716 309 1755 tione
328 1716 460 1768 aliqua
477 1716 646 1755 converti
663 1715 704 1754 in
722 1715 959 1756 infantiam?

262 1771 409 1810 XXII.
435 1770 538 1810 Cum
558 1778 702 1819 autem,
724 1771 820 1823 quid
838 1772 901 1820 sit,
917 1771 1125 1824 quaeritur;
1150 1773 1255 1813 notio
1269 1787 1336 1814 ex-

206 1825 386 1877 plicanda
417 1834 487 1874 est,
522 1833 561 1864 et
590 1825 814 1877 proprietas,
849 1834 888 1865 et
915 1826 1065 1875 divisio,
1100 1834 1138 1866 et
1167 1829 1334 1880 partitio.

210 1879 308 1918 Haec
328 1880 433 1919 enim
451 1887 542 1919 sunt
564 1879 777 1919 definitioni
802 1881 1010 1920 attributa·
1025 1881 1194 1922 additur
1218 1883 1336 1922 etiam

208 1934 426 1996 descriptio,
456 1947 576 1987 quam
602 1934 729 1973 Graeci
756 1941 983 1987 Χαρακτηρα
1008 1944 1156 1976 vocant.
1213 1938 1336 1978 Notio

207 1988 262 2027 sic
291 1989 500 2041 quaeritur:
532 1989 640 2028 Sitne
666 1988 708 2027 id
737 2002 908 2041 aequum,
939 1990 1046 2041 quod
1075 1990 1123 2038 ei,
1152 1991 1221 2044 qui
1246 1993 1337 2045 plus

208 2049 348 2094 potest,
368 2043 462 2082 utile
482 2045 569 2082 est?
599 2043 817 2105 Proprietas
836 2044 909 2083 sic·
940 2044 990 2082 In
1008 2044 1258 2085 hominemne
1275 2060 1336 2087 so-

208 2097 294 2135 lum
312 2097 436 2146 cadat,
457 2110 507 2136 an
525 2097 642 2137 etiam
665 2098 708 2136 in
726 2098 888 2146 belluas,
909 2099 1120 2150 aegritudo.
1109 2102 1128 2129 ⁹
1167 2100 1333 2150 Divisio,

208 2159 247 2190 et
266 2152 400 2191 eodem
418 2161 530 2204 pacto
547 2152 716 2204 partitio,
733 2153 806 2191 sic:
831 2152 977 2192 Triane
990 2166 1130 2205 genera
1143 2156 1334 2195 bonorum

208 2205 312 2246 sint?
341 2206 573 2260 Descriptio,
590 2206 730 2257 Qualis
743 2207 791 2247 sit
805 2220 956 2257 avams,
972 2209 1098 2261 qualis
1110 2217 1332 2261 assentawr,
