<?xml version="1.0" encoding="UTF-8"?>
<!DOCTYPE html PUBLIC "-//W3C//DTD XHTML 1.0 Transitional//EN"
    "http://www.w3.org/TR/xhtml1/DTD/xhtml1-transitional.dtd">
<html xmlns="http://www.w3.org/1999/xhtml" xml:lang="en" lang="en">
 <head>
  <title>
</title>
<meta http-equiv="Content-Type" content="text/html;charset=utf-8" />
  <meta name='ocr-system' content='tesseract 3.04.00' />
  <meta name='ocr-capabilities' content='ocr_page ocr_carea ocr_par ocr_line ocrx_word'/>
</head>
<body>
  <div class='ocr_page' id='page_1' title='image "./operaern02ciceuoft_0159.png"; bbox 0 0 1456 2396; ppageno 0'>
   <div class='ocr_carea' id='block_1_1' title="bbox 219 66 1217 117">
    <p class='ocr_par' dir='ltr' id='par_1_1' title="bbox 219 66 1217 117">
     <span class='ocr_line' id='line_1_1' title="bbox 219 66 1217 117; baseline -0.001 -9"><span class='ocrx_word' id='word_1_1' title='bbox 219 68 303 108; x_wconf 90' lang='lat' dir='ltr'>AD</span> <span class='ocrx_word' id='word_1_2' title='bbox 333 66 712 117; x_wconf 90' lang='lat' dir='ltr'>HERENNIUM,</span> <span class='ocrx_word' id='word_1_3' title='bbox 743 67 843 107; x_wconf 77' lang='lat' dir='ltr'><strong>LIB·</strong></span> <span class='ocrx_word' id='word_1_4' title='bbox 865 68 900 106; x_wconf 88' lang='grc' dir='ltr'>Ι.</span> <span class='ocrx_word' id='word_1_5' title='bbox 930 66 1036 107; x_wconf 80' lang='grc' dir='ltr'><strong>ΟΑΡ.</strong></span> <span class='ocrx_word' id='word_1_6' title='bbox 1056 71 1094 107; x_wconf 89' lang='lat'>5.</span> <span class='ocrx_word' id='word_1_7' title='bbox 1142 70 1217 108; x_wconf 84' lang='lat'>145</span> 
     </span>
    </p>
   </div>
   <div class='ocr_carea' id='block_1_2' title="bbox 93 176 1227 2284">
    <p class='ocr_par' dir='ltr' id='par_1_2' title="bbox 93 176 1225 1853">
     <span class='ocr_line' id='line_1_2' title="bbox 153 176 1216 229; baseline 0.002 -14"><span class='ocrx_word' id='word_1_8' title='bbox 153 176 393 229; x_wconf 84' lang='lat' dir='ltr'>Principium</span> <span class='ocrx_word' id='word_1_9' title='bbox 413 184 481 224; x_wconf 88' lang='lat' dir='ltr'>est,</span> <span class='ocrx_word' id='word_1_10' title='bbox 502 190 592 216; x_wconf 90' lang='lat' dir='ltr'>cum</span> <span class='ocrx_word' id='word_1_11' title='bbox 611 176 739 215; x_wconf 86' lang='lat' dir='ltr'>statim</span> <span class='ocrx_word' id='word_1_12' title='bbox 758 176 940 215; x_wconf 82' lang='lat' dir='ltr'>auditoris</span> <span class='ocrx_word' id='word_1_13' title='bbox 958 177 1133 217; x_wconf 89' lang='lat' dir='ltr'>animum</span> <span class='ocrx_word' id='word_1_14' title='bbox 1147 190 1216 217; x_wconf 72' lang='lat' dir='ltr'>noe</span> 
     </span>
     <span class='ocr_line' id='line_1_3' title="bbox 99 230 1217 271; baseline 0.004 -4"><span class='ocrx_word' id='word_1_15' title='bbox 99 230 157 268; x_wconf 87' lang='lat' dir='ltr'>bis</span> <span class='ocrx_word' id='word_1_16' title='bbox 175 231 356 270; x_wconf 89' lang='lat' dir='ltr'>idoneum</span> <span class='ocrx_word' id='word_1_17' title='bbox 375 231 570 270; x_wconf 88' lang='lat' dir='ltr'>reddimus</span> <span class='ocrx_word' id='word_1_18' title='bbox 596 231 645 268; x_wconf 87' lang='lat' dir='ltr'>ad</span> <span class='ocrx_word' id='word_1_19' title='bbox 663 231 910 269; x_wconf 89' lang='lat' dir='ltr'>audiendum.</span> <span class='ocrx_word' id='word_1_20' title='bbox 943 231 991 269; x_wconf 93' lang='lat' dir='ltr'>Id</span> <span class='ocrx_word' id='word_1_21' title='bbox 1017 232 1071 270; x_wconf 87' lang='lat' dir='ltr'>ita</span> <span class='ocrx_word' id='word_1_22' title='bbox 1096 233 1217 271; x_wconf 90' lang='lat' dir='ltr'>sumi-</span> 
     </span>
     <span class='ocr_line' id='line_1_4' title="bbox 97 285 1217 333; baseline 0.003 -12"><span class='ocrx_word' id='word_1_23' title='bbox 97 291 173 333; x_wconf 85' lang='lat' dir='ltr'>tur,</span> <span class='ocrx_word' id='word_1_24' title='bbox 203 294 247 324; x_wconf 91' lang='lat' dir='ltr'>ut</span> <span class='ocrx_word' id='word_1_25' title='bbox 275 294 450 331; x_wconf 84' lang='lat' dir='ltr'>attentos,</span> <span class='ocrx_word' id='word_1_26' title='bbox 479 293 522 323; x_wconf 91' lang='lat' dir='ltr'>ut</span> <span class='ocrx_word' id='word_1_27' title='bbox 548 285 700 332; x_wconf 85' lang='lat' dir='ltr'>dociles,</span> <span class='ocrx_word' id='word_1_28' title='bbox 728 293 772 322; x_wconf 86' lang='lat' dir='ltr'>ut</span> <span class='ocrx_word' id='word_1_29' title='bbox 797 286 998 323; x_wconf 84' lang='lat' dir='ltr'>benevolos</span> <span class='ocrx_word' id='word_1_30' title='bbox 1026 287 1217 325; x_wconf 84' lang='lat' dir='ltr'>auditores</span> 
     </span>
     <span class='ocr_line' id='line_1_5' title="bbox 97 337 1216 391; baseline 0.003 -16"><span class='ocrx_word' id='word_1_31' title='bbox 97 337 237 377; x_wconf 87' lang='lat' dir='ltr'>habere</span> <span class='ocrx_word' id='word_1_32' title='bbox 261 340 462 391; x_wconf 89' lang='lat' dir='ltr'>possimus.</span> <span class='ocrx_word' id='word_1_33' title='bbox 504 339 546 377; x_wconf 90' lang='lat' dir='ltr'>Si</span> <span class='ocrx_word' id='word_1_34' title='bbox 571 351 692 389; x_wconf 89' lang='lat' dir='ltr'>genus</span> <span class='ocrx_word' id='word_1_35' title='bbox 720 352 842 376; x_wconf 83' lang='lat' dir='ltr'>causae</span> <span class='ocrx_word' id='word_1_36' title='bbox 868 338 1032 377; x_wconf 88' lang='lat' dir='ltr'>dubium</span> <span class='ocrx_word' id='word_1_37' title='bbox 1057 340 1216 378; x_wconf 88' lang='lat' dir='ltr'>habebi-</span> 
     </span>
     <span class='ocr_line' id='line_1_6' title="bbox 96 393 1218 443; baseline 0.004 -14"><span class='ocrx_word' id='word_1_38' title='bbox 96 404 197 441; x_wconf 90' lang='lat' dir='ltr'>mus,</span> <span class='ocrx_word' id='word_1_39' title='bbox 227 406 249 431; x_wconf 90' lang='lat' dir='ltr'>a</span> <span class='ocrx_word' id='word_1_40' title='bbox 280 393 544 432; x_wconf 65' lang='lat' dir='ltr'>benevolentia</span> <span class='ocrx_word' id='word_1_41' title='bbox 574 393 808 443; x_wconf 89' lang='lat' dir='ltr'>principium</span> <span class='ocrx_word' id='word_1_42' title='bbox 843 393 1130 443; x_wconf 79' lang='lat' dir='ltr'>constituemus,</span> <span class='ocrx_word' id='word_1_43' title='bbox 1169 407 1218 433; x_wconf 90' lang='lat' dir='ltr'>ne</span> 
     </span>
     <span class='ocr_line' id='line_1_7' title="bbox 96 446 1216 499; baseline 0.003 -15"><span class='ocrx_word' id='word_1_44' title='bbox 96 446 190 496; x_wconf 90' lang='lat' dir='ltr'>quid</span> <span class='ocrx_word' id='word_1_45' title='bbox 215 446 282 491; x_wconf 80' lang='lat' dir='ltr'>illa</span> <span class='ocrx_word' id='word_1_46' title='bbox 307 447 554 499; x_wconf 84' lang='lat' dir='ltr'><strong>turpitudinis</strong></span> <span class='ocrx_word' id='word_1_47' title='bbox 580 460 666 498; x_wconf 89' lang='lat' dir='ltr'>pars</span> <span class='ocrx_word' id='word_1_48' title='bbox 692 446 802 484; x_wconf 90' lang='lat' dir='ltr'>nobis</span> <span class='ocrx_word' id='word_1_49' title='bbox 821 448 950 485; x_wconf 89' lang='lat' dir='ltr'>obesse</span> <span class='ocrx_word' id='word_1_50' title='bbox 969 448 1098 498; x_wconf 81' lang='lat' dir='ltr'>possit.</span> <span class='ocrx_word' id='word_1_51' title='bbox 1146 449 1216 487; x_wconf 86' lang='lat' dir='ltr'>Sin</span> 
     </span>
     <span class='ocr_line' id='line_1_8' title="bbox 96 499 1217 552; baseline 0.004 -15"><span class='ocrx_word' id='word_1_52' title='bbox 96 499 243 539; x_wconf 88' lang='lat' dir='ltr'>humile</span> <span class='ocrx_word' id='word_1_53' title='bbox 275 501 346 539; x_wconf 81' lang='lat' dir='ltr'>erit</span> <span class='ocrx_word' id='word_1_54' title='bbox 377 514 497 552; x_wconf 89' lang='lat' dir='ltr'>genus</span> <span class='ocrx_word' id='word_1_55' title='bbox 531 514 667 548; x_wconf 90' lang='lat' dir='ltr'>causae,</span> <span class='ocrx_word' id='word_1_56' title='bbox 701 500 885 538; x_wconf 88' lang='lat' dir='ltr'>faciemus</span> <span class='ocrx_word' id='word_1_57' title='bbox 923 508 1098 540; x_wconf 80' lang='lat' dir='ltr'>attentos.</span> <span class='ocrx_word' id='word_1_58' title='bbox 1147 503 1217 542; x_wconf 86' lang='lat' dir='ltr'>Sin</span> 
     </span>
     <span class='ocr_line' id='line_1_9' title="bbox 95 555 1219 607; baseline 0.004 -16"><span class='ocrx_word' id='word_1_59' title='bbox 95 560 207 606; x_wconf 85' lang='lat' dir='ltr'><strong>turpe</strong></span> <span class='ocrx_word' id='word_1_60' title='bbox 226 568 348 593; x_wconf 86' lang='lat' dir='ltr'>causae</span> <span class='ocrx_word' id='word_1_61' title='bbox 362 568 482 607; x_wconf 85' lang='lat' dir='ltr'>genus</span> <span class='ocrx_word' id='word_1_62' title='bbox 502 555 585 602; x_wconf 79' lang='lat' dir='ltr'>erit,</span> <span class='ocrx_word' id='word_1_63' title='bbox 601 555 856 593; x_wconf 87' lang='lat' dir='ltr'>insinuatione</span> <span class='ocrx_word' id='word_1_64' title='bbox 874 555 1064 593; x_wconf 86' lang='lat' dir='ltr'>utendum</span> <span class='ocrx_word' id='word_1_65' title='bbox 1083 564 1139 594; x_wconf 90' lang='lat' dir='ltr'>est</span> <span class='ocrx_word' id='word_1_66' title='bbox 1153 556 1219 601; x_wconf 87' lang='lat' dir='ltr'>(de</span> 
     </span>
     <span class='ocr_line' id='line_1_10' title="bbox 96 609 1216 660; baseline 0.004 -15"><span class='ocrx_word' id='word_1_67' title='bbox 96 609 176 659; x_wconf 68' lang='lat' dir='ltr'>qua</span> <span class='ocrx_word' id='word_1_68' title='bbox 211 609 396 660; x_wconf 82' lang='lat' dir='ltr'>posterius</span> <span class='ocrx_word' id='word_1_69' title='bbox 432 609 634 657; x_wconf 86' lang='lat' dir='ltr'>dicemus),</span> <span class='ocrx_word' id='word_1_70' title='bbox 678 609 752 646; x_wconf 89' lang='lat' dir='ltr'>nisi</span> <span class='ocrx_word' id='word_1_71' title='bbox 789 609 884 660; x_wconf 90' lang='lat' dir='ltr'>quid</span> <span class='ocrx_word' id='word_1_72' title='bbox 920 610 1021 646; x_wconf 91' lang='lat' dir='ltr'>nacti</span> <span class='ocrx_word' id='word_1_73' title='bbox 1060 611 1216 659; x_wconf 89' lang='lat' dir='ltr'>erimus,</span> 
     </span>
     <span class='ocr_line' id='line_1_11' title="bbox 96 663 1219 713; baseline 0.004 -14"><span class='ocrx_word' id='word_1_74' title='bbox 96 674 227 713; x_wconf 85' lang='lat' dir='ltr'>quare,</span> <span class='ocrx_word' id='word_1_75' title='bbox 267 663 497 702; x_wconf 83' lang='lat' dir='ltr'>adversarios</span> <span class='ocrx_word' id='word_1_76' title='bbox 537 663 788 709; x_wconf 83' lang='lat' dir='ltr'>criminando,</span> <span class='ocrx_word' id='word_1_77' title='bbox 823 663 1128 702; x_wconf 86' lang='lat' dir='ltr'>benevolentiam</span> <span class='ocrx_word' id='word_1_78' title='bbox 1157 678 1219 704; x_wconf 88' lang='lat' dir='ltr'>ca-</span> 
     </span>
     <span class='ocr_line' id='line_1_12' title="bbox 95 717 1218 769; baseline 0.003 -15"><span class='ocrx_word' id='word_1_79' title='bbox 95 729 186 767; x_wconf 89' lang='lat' dir='ltr'>pere</span> <span class='ocrx_word' id='word_1_80' title='bbox 203 718 403 769; x_wconf 89' lang='lat' dir='ltr'>possimus.</span> <span class='ocrx_word' id='word_1_81' title='bbox 435 718 502 756; x_wconf 83' lang='lat' dir='ltr'>Sin</span> <span class='ocrx_word' id='word_1_82' title='bbox 522 717 728 756; x_wconf 87' lang='lat' dir='ltr'>honestum</span> <span class='ocrx_word' id='word_1_83' title='bbox 747 729 870 755; x_wconf 89' lang='lat' dir='ltr'>causae</span> <span class='ocrx_word' id='word_1_84' title='bbox 888 729 1009 768; x_wconf 86' lang='lat' dir='ltr'>genus</span> <span class='ocrx_word' id='word_1_85' title='bbox 1029 719 1112 764; x_wconf 86' lang='lat' dir='ltr'>erit,</span> <span class='ocrx_word' id='word_1_86' title='bbox 1128 719 1218 757; x_wconf 91' lang='lat' dir='ltr'>lice-</span> 
     </span>
     <span class='ocr_line' id='line_1_13' title="bbox 95 769 1218 822; baseline 0.004 -15"><span class='ocrx_word' id='word_1_87' title='bbox 95 769 152 808; x_wconf 88' lang='lat' dir='ltr'>bit</span> <span class='ocrx_word' id='word_1_88' title='bbox 166 779 264 810; x_wconf 89' lang='lat' dir='ltr'>recte</span> <span class='ocrx_word' id='word_1_89' title='bbox 282 772 342 809; x_wconf 90' lang='lat' dir='ltr'>vel</span> <span class='ocrx_word' id='word_1_90' title='bbox 356 772 414 809; x_wconf 90' lang='lat' dir='ltr'>uti</span> <span class='ocrx_word' id='word_1_91' title='bbox 433 771 493 810; x_wconf 90' lang='lat' dir='ltr'>vel</span> <span class='ocrx_word' id='word_1_92' title='bbox 507 783 585 809; x_wconf 88' lang='lat' dir='ltr'>non</span> <span class='ocrx_word' id='word_1_93' title='bbox 599 771 657 808; x_wconf 85' lang='lat' dir='ltr'>uti</span> <span class='ocrx_word' id='word_1_94' title='bbox 672 771 870 822; x_wconf 89' lang='lat' dir='ltr'>principio.</span> <span class='ocrx_word' id='word_1_95' title='bbox 901 771 943 809; x_wconf 86' lang='lat' dir='ltr'>Si</span> <span class='ocrx_word' id='word_1_96' title='bbox 958 771 1016 808; x_wconf 89' lang='lat' dir='ltr'>uti</span> <span class='ocrx_word' id='word_1_97' title='bbox 1031 773 1218 822; x_wconf 90' lang='lat' dir='ltr'>volemus,</span> 
     </span>
     <span class='ocr_line' id='line_1_14' title="bbox 95 825 1218 876; baseline 0.004 -15"><span class='ocrx_word' id='word_1_98' title='bbox 95 831 162 862; x_wconf 91' lang='lat' dir='ltr'>aut</span> <span class='ocrx_word' id='word_1_99' title='bbox 187 826 227 863; x_wconf 92' lang='lat' dir='ltr'>id</span> <span class='ocrx_word' id='word_1_100' title='bbox 253 826 440 876; x_wconf 87' lang='lat' dir='ltr'>oportebit</span> <span class='ocrx_word' id='word_1_101' title='bbox 465 825 674 872; x_wconf 80' lang='lat' dir='ltr'>ostendere,</span> <span class='ocrx_word' id='word_1_102' title='bbox 703 838 820 876; x_wconf 88' lang='lat' dir='ltr'>quare</span> <span class='ocrx_word' id='word_1_103' title='bbox 847 837 960 863; x_wconf 83' lang='lat' dir='ltr'>causa</span> <span class='ocrx_word' id='word_1_104' title='bbox 979 826 1026 863; x_wconf 90' lang='lat' dir='ltr'>sit</span> <span class='ocrx_word' id='word_1_105' title='bbox 1045 826 1218 875; x_wconf 90' lang='lat' dir='ltr'>honesta,</span> 
     </span>
     <span class='ocr_line' id='line_1_15' title="bbox 96 879 1219 932; baseline 0.004 -17"><span class='ocrx_word' id='word_1_106' title='bbox 96 885 164 916; x_wconf 90' lang='lat' dir='ltr'>aut</span> <span class='ocrx_word' id='word_1_107' title='bbox 187 880 364 926; x_wconf 89' lang='lat' dir='ltr'>breviter,</span> <span class='ocrx_word' id='word_1_108' title='bbox 393 880 533 931; x_wconf 89' lang='lat' dir='ltr'>quibus</span> <span class='ocrx_word' id='word_1_109' title='bbox 560 879 608 917; x_wconf 88' lang='lat' dir='ltr'>de</span> <span class='ocrx_word' id='word_1_110' title='bbox 634 881 747 918; x_wconf 87' lang='lat' dir='ltr'>rebus</span> <span class='ocrx_word' id='word_1_111' title='bbox 775 879 894 917; x_wconf 86' lang='lat' dir='ltr'>simus</span> <span class='ocrx_word' id='word_1_112' title='bbox 920 879 1073 928; x_wconf 85' lang='lat' dir='ltr'>dicturi,</span> <span class='ocrx_word' id='word_1_113' title='bbox 1102 894 1219 932; x_wconf 84' lang='lat' dir='ltr'>expo-</span> 
     </span>
     <span class='ocr_line' id='line_1_16' title="bbox 95 933 1218 986; baseline 0.004 -17"><span class='ocrx_word' id='word_1_114' title='bbox 95 944 196 972; x_wconf 82' lang='lat' dir='ltr'>nere.</span> <span class='ocrx_word' id='word_1_115' title='bbox 226 934 267 973; x_wconf 93' lang='lat' dir='ltr'>Si</span> <span class='ocrx_word' id='word_1_116' title='bbox 293 934 480 985; x_wconf 89' lang='lat' dir='ltr'>principio</span> <span class='ocrx_word' id='word_1_117' title='bbox 505 933 563 971; x_wconf 90' lang='lat' dir='ltr'>uti</span> <span class='ocrx_word' id='word_1_118' title='bbox 589 934 778 979; x_wconf 84' lang='lat' dir='ltr'>nolemus,</span> <span class='ocrx_word' id='word_1_119' title='bbox 806 946 829 971; x_wconf 89' lang='lat' dir='ltr'>a</span> <span class='ocrx_word' id='word_1_120' title='bbox 854 934 953 984; x_wconf 87' lang='lat' dir='ltr'>lege,</span> <span class='ocrx_word' id='word_1_121' title='bbox 975 946 999 971; x_wconf 86' lang='lat' dir='ltr'>a</span> <span class='ocrx_word' id='word_1_122' title='bbox 1017 935 1218 986; x_wconf 64' lang='lat' dir='ltr'>scriptura,</span> 
     </span>
     <span class='ocr_line' id='line_1_17' title="bbox 94 987 1220 1039; baseline 0.003 -14"><span class='ocrx_word' id='word_1_123' title='bbox 94 994 163 1025; x_wconf 88' lang='lat' dir='ltr'>aut</span> <span class='ocrx_word' id='word_1_124' title='bbox 188 990 237 1026; x_wconf 91' lang='lat' dir='ltr'>ab</span> <span class='ocrx_word' id='word_1_125' title='bbox 263 988 393 1039; x_wconf 88' lang='lat' dir='ltr'>aliquo</span> <span class='ocrx_word' id='word_1_126' title='bbox 418 988 637 1026; x_wconf 87' lang='lat' dir='ltr'>firmissimo</span> <span class='ocrx_word' id='word_1_127' title='bbox 663 994 801 1026; x_wconf 88' lang='lat' dir='ltr'>nostrae</span> <span class='ocrx_word' id='word_1_128' title='bbox 827 1000 951 1026; x_wconf 85' lang='lat' dir='ltr'>causae</span> <span class='ocrx_word' id='word_1_129' title='bbox 979 987 1220 1038; x_wconf 83' lang='lat' dir='ltr'>adjumento,</span> 
     </span>
     <span class='ocr_line' id='line_1_18' title="bbox 93 1040 1224 1094; baseline 0.004 -16"><span class='ocrx_word' id='word_1_130' title='bbox 93 1041 325 1094; x_wconf 87' lang='lat' dir='ltr'>principium</span> <span class='ocrx_word' id='word_1_131' title='bbox 355 1055 487 1094; x_wconf 82' lang='lat' dir='ltr'>capere</span> <span class='ocrx_word' id='word_1_132' title='bbox 512 1041 711 1093; x_wconf 86' lang='lat' dir='ltr'>oportebit.</span> <span class='ocrx_word' id='word_1_133' title='bbox 752 1041 950 1089; x_wconf 85' lang='lat' dir='ltr'>Quoniam</span> <span class='ocrx_word' id='word_1_134' title='bbox 976 1040 1094 1092; x_wconf 85' lang='lat' dir='ltr'>igitur</span> <span class='ocrx_word' id='word_1_135' title='bbox 1118 1043 1224 1082; x_wconf 63' lang='lat' dir='ltr'>doci-2</span> 
     </span>
     <span class='ocr_line' id='line_1_19' title="bbox 95 1095 1221 1144; baseline 0.003 -11"><span class='ocrx_word' id='word_1_136' title='bbox 95 1096 188 1144; x_wconf 90' lang='lat' dir='ltr'>lem,</span> <span class='ocrx_word' id='word_1_137' title='bbox 215 1096 459 1144; x_wconf 85' lang='lat' dir='ltr'>benevolum,</span> <span class='ocrx_word' id='word_1_138' title='bbox 488 1103 678 1134; x_wconf 82' lang='lat' dir='ltr'>attentum</span> <span class='ocrx_word' id='word_1_139' title='bbox 704 1096 844 1134; x_wconf 81' lang='lat' dir='ltr'>habere</span> <span class='ocrx_word' id='word_1_140' title='bbox 869 1095 1082 1134; x_wconf 86' lang='lat' dir='ltr'>auditorem</span> <span class='ocrx_word' id='word_1_141' title='bbox 1112 1099 1221 1136; x_wconf 92' lang='lat' dir='ltr'>volu-</span> 
     </span>
     <span class='ocr_line' id='line_1_20' title="bbox 94 1149 1223 1203; baseline 0.002 -15"><span class='ocrx_word' id='word_1_142' title='bbox 94 1162 196 1197; x_wconf 85' lang='lat' dir='ltr'>mus,</span> <span class='ocrx_word' id='word_1_143' title='bbox 233 1150 426 1203; x_wconf 92' lang='lat' dir='ltr'>quomodo</span> <span class='ocrx_word' id='word_1_144' title='bbox 458 1150 628 1202; x_wconf 88' lang='lat' dir='ltr'>quidque</span> <span class='ocrx_word' id='word_1_145' title='bbox 661 1149 794 1188; x_wconf 82' lang='lat' dir='ltr'>confici</span> <span class='ocrx_word' id='word_1_146' title='bbox 826 1150 957 1200; x_wconf 88' lang='lat' dir='ltr'>possit,</span> <span class='ocrx_word' id='word_1_147' title='bbox 997 1150 1223 1201; x_wconf 86' lang='lat' dir='ltr'>aperiemus.</span> 
     </span>
     <span class='ocr_line' id='line_1_21' title="bbox 96 1203 1222 1264; baseline 0.001 -21"><span class='ocrx_word' id='word_1_148' title='bbox 96 1203 250 1243; x_wconf 84' lang='lat' dir='ltr'>Dociles</span> <span class='ocrx_word' id='word_1_149' title='bbox 287 1204 478 1243; x_wconf 86' lang='lat' dir='ltr'>auditores</span> <span class='ocrx_word' id='word_1_150' title='bbox 514 1204 655 1242; x_wconf 87' lang='lat' dir='ltr'>habere</span> <span class='ocrx_word' id='word_1_151' title='bbox 691 1204 914 1264; x_wconf 85' lang='lat' dir='ltr'>poterimus,</span> <span class='ocrx_word' id='word_1_152' title='bbox 961 1203 992 1241; x_wconf 90' lang='lat' dir='ltr'>si</span> <span class='ocrx_word' id='word_1_153' title='bbox 1029 1217 1222 1244; x_wconf 91' lang='lat' dir='ltr'>summam</span> 
     </span>
     <span class='ocr_line' id='line_1_22' title="bbox 96 1258 1223 1310; baseline 0.001 -13"><span class='ocrx_word' id='word_1_154' title='bbox 96 1271 220 1297; x_wconf 87' lang='lat' dir='ltr'>causae</span> <span class='ocrx_word' id='word_1_155' title='bbox 244 1259 406 1297; x_wconf 86' lang='lat' dir='ltr'>breviter</span> <span class='ocrx_word' id='word_1_156' title='bbox 433 1271 682 1310; x_wconf 86' lang='lat' dir='ltr'>exponemus,</span> <span class='ocrx_word' id='word_1_157' title='bbox 711 1265 748 1296; x_wconf 89' lang='lat' dir='ltr'>et</span> <span class='ocrx_word' id='word_1_158' title='bbox 774 1258 805 1295; x_wconf 91' lang='lat' dir='ltr'>si</span> <span class='ocrx_word' id='word_1_159' title='bbox 830 1266 992 1296; x_wconf 89' lang='lat' dir='ltr'>attentos</span> <span class='ocrx_word' id='word_1_160' title='bbox 1018 1271 1080 1296; x_wconf 89' lang='lat' dir='ltr'>eos</span> <span class='ocrx_word' id='word_1_161' title='bbox 1110 1260 1223 1298; x_wconf 87' lang='lat' dir='ltr'>facie-</span> 
     </span>
     <span class='ocr_line' id='line_1_23' title="bbox 97 1311 1223 1363; baseline 0.002 -12"><span class='ocrx_word' id='word_1_162' title='bbox 97 1325 210 1351; x_wconf 87' lang='lat' dir='ltr'>mus:</span> <span class='ocrx_word' id='word_1_163' title='bbox 241 1325 332 1351; x_wconf 82' lang='lat' dir='ltr'>nam</span> <span class='ocrx_word' id='word_1_164' title='bbox 365 1312 496 1351; x_wconf 87' lang='lat' dir='ltr'>docilis</span> <span class='ocrx_word' id='word_1_165' title='bbox 529 1320 584 1350; x_wconf 91' lang='lat' dir='ltr'>est</span> <span class='ocrx_word' id='word_1_166' title='bbox 616 1312 662 1359; x_wconf 90' lang='lat' dir='ltr'>is,</span> <span class='ocrx_word' id='word_1_167' title='bbox 695 1311 762 1363; x_wconf 91' lang='lat' dir='ltr'>qui</span> <span class='ocrx_word' id='word_1_168' title='bbox 795 1319 936 1349; x_wconf 87' lang='lat' dir='ltr'>attente</span> <span class='ocrx_word' id='word_1_169' title='bbox 966 1313 1049 1350; x_wconf 87' lang='lat' dir='ltr'>vult</span> <span class='ocrx_word' id='word_1_170' title='bbox 1077 1314 1223 1353; x_wconf 87' lang='lat' dir='ltr'>audire.</span> 
     </span>
     <span class='ocr_line' id='line_1_24' title="bbox 97 1366 1225 1418; baseline 0.001 -13"><span class='ocrx_word' id='word_1_171' title='bbox 97 1368 279 1406; x_wconf 89' lang='lat' dir='ltr'>Attentos</span> <span class='ocrx_word' id='word_1_172' title='bbox 308 1367 549 1411; x_wconf 82' lang='lat' dir='ltr'>habebimus,</span> <span class='ocrx_word' id='word_1_173' title='bbox 582 1366 613 1404; x_wconf 93' lang='lat' dir='ltr'>si</span> <span class='ocrx_word' id='word_1_174' title='bbox 637 1366 916 1418; x_wconf 77' lang='lat' dir='ltr'>pollicebimur,</span> <span class='ocrx_word' id='word_1_175' title='bbox 945 1378 1014 1404; x_wconf 92' lang='lat' dir='ltr'>nos</span> <span class='ocrx_word' id='word_1_176' title='bbox 1038 1366 1087 1405; x_wconf 90' lang='lat' dir='ltr'>de</span> <span class='ocrx_word' id='word_1_177' title='bbox 1112 1370 1225 1406; x_wconf 92' lang='lat' dir='ltr'>rebus</span> 
     </span>
     <span class='ocr_line' id='line_1_25' title="bbox 97 1420 1225 1473; baseline 0.002 -15"><span class='ocrx_word' id='word_1_178' title='bbox 97 1422 261 1473; x_wconf 88' lang='lat' dir='ltr'>magnis,</span> <span class='ocrx_word' id='word_1_179' title='bbox 288 1421 410 1467; x_wconf 85' lang='lat' dir='ltr'>novis,</span> <span class='ocrx_word' id='word_1_180' title='bbox 436 1421 639 1466; x_wconf 82' lang='lat' dir='ltr'>inusitatis,</span> <span class='ocrx_word' id='word_1_181' title='bbox 667 1421 782 1458; x_wconf 88' lang='lat' dir='ltr'>verba</span> <span class='ocrx_word' id='word_1_182' title='bbox 806 1420 985 1466; x_wconf 82' lang='lat' dir='ltr'>facturos,</span> <span class='ocrx_word' id='word_1_183' title='bbox 1013 1429 1081 1459; x_wconf 89' lang='lat' dir='ltr'>aut</span> <span class='ocrx_word' id='word_1_184' title='bbox 1105 1421 1152 1460; x_wconf 93' lang='lat' dir='ltr'>de</span> <span class='ocrx_word' id='word_1_185' title='bbox 1179 1423 1225 1460; x_wconf 91' lang='lat' dir='ltr'>iis</span> 
     </span>
     <span class='ocr_line' id='line_1_26' title="bbox 96 1474 1225 1528; baseline 0.001 -14"><span class='ocrx_word' id='word_1_186' title='bbox 96 1478 223 1523; x_wconf 88' lang='lat' dir='ltr'>rebus,</span> <span class='ocrx_word' id='word_1_187' title='bbox 252 1489 339 1528; x_wconf 90' lang='lat' dir='ltr'>quae</span> <span class='ocrx_word' id='word_1_188' title='bbox 365 1475 414 1513; x_wconf 83' lang='lat' dir='ltr'>ad</span> <span class='ocrx_word' id='word_1_189' title='bbox 439 1475 716 1526; x_wconf 84' lang='lat' dir='ltr'>rempublicam</span> <span class='ocrx_word' id='word_1_190' title='bbox 742 1474 969 1525; x_wconf 85' lang='lat' dir='ltr'>pertineant,</span> <span class='ocrx_word' id='word_1_191' title='bbox 997 1482 1064 1513; x_wconf 88' lang='lat' dir='ltr'>aut</span> <span class='ocrx_word' id='word_1_192' title='bbox 1088 1475 1137 1513; x_wconf 86' lang='lat' dir='ltr'>ad</span> <span class='ocrx_word' id='word_1_193' title='bbox 1161 1489 1225 1515; x_wconf 89' lang='lat' dir='ltr'>eos</span> 
     </span>
     <span class='ocr_line' id='line_1_27' title="bbox 95 1528 1223 1582; baseline 0.002 -15"><span class='ocrx_word' id='word_1_194' title='bbox 95 1529 197 1581; x_wconf 89' lang='lat' dir='ltr'>ipsos</span> <span class='ocrx_word' id='word_1_195' title='bbox 217 1531 286 1582; x_wconf 90' lang='lat' dir='ltr'>qui</span> <span class='ocrx_word' id='word_1_196' title='bbox 310 1529 480 1577; x_wconf 89' lang='lat' dir='ltr'>audient,</span> <span class='ocrx_word' id='word_1_197' title='bbox 501 1536 567 1567; x_wconf 89' lang='lat' dir='ltr'>aut</span> <span class='ocrx_word' id='word_1_198' title='bbox 593 1528 642 1566; x_wconf 87' lang='lat' dir='ltr'>ad</span> <span class='ocrx_word' id='word_1_199' title='bbox 661 1528 835 1566; x_wconf 88' lang='lat' dir='ltr'>Deorum</span> <span class='ocrx_word' id='word_1_200' title='bbox 861 1528 1139 1567; x_wconf 88' lang='lat' dir='ltr'>immortalium</span> <span class='ocrx_word' id='word_1_201' title='bbox 1164 1543 1223 1569; x_wconf 92' lang='lat' dir='ltr'>re-</span> 
     </span>
     <span class='ocr_line' id='line_1_28' title="bbox 95 1582 1225 1636; baseline 0 -13"><span class='ocrx_word' id='word_1_202' title='bbox 95 1584 304 1636; x_wconf 82' lang='lat' dir='ltr'>ligionem3</span> <span class='ocrx_word' id='word_1_203' title='bbox 336 1591 386 1631; x_wconf 93' lang='lat' dir='ltr'>et,</span> <span class='ocrx_word' id='word_1_204' title='bbox 417 1584 449 1622; x_wconf 89' lang='lat' dir='ltr'>si</span> <span class='ocrx_word' id='word_1_205' title='bbox 473 1583 708 1634; x_wconf 89' lang='lat' dir='ltr'>rogabimus,</span> <span class='ocrx_word' id='word_1_206' title='bbox 736 1590 780 1620; x_wconf 91' lang='lat' dir='ltr'>ut</span> <span class='ocrx_word' id='word_1_207' title='bbox 804 1589 947 1621; x_wconf 84' lang='lat' dir='ltr'>attente</span> <span class='ocrx_word' id='word_1_208' title='bbox 972 1582 1156 1629; x_wconf 82' lang='lat' dir='ltr'>audiant;</span> <span class='ocrx_word' id='word_1_209' title='bbox 1186 1592 1225 1623; x_wconf 90' lang='lat' dir='ltr'>et</span> 
     </span>
     <span class='ocr_line' id='line_1_29' title="bbox 96 1636 1224 1690; baseline -0.001 -13"><span class='ocrx_word' id='word_1_210' title='bbox 96 1638 129 1676; x_wconf 89' lang='lat' dir='ltr'>si</span> <span class='ocrx_word' id='word_1_211' title='bbox 153 1651 315 1677; x_wconf 88' lang='lat' dir='ltr'>numero</span> <span class='ocrx_word' id='word_1_212' title='bbox 341 1650 577 1690; x_wconf 84' lang='lat' dir='ltr'>exponemus</span> <span class='ocrx_word' id='word_1_213' title='bbox 602 1650 690 1683; x_wconf 87' lang='lat' dir='ltr'>res,·</span> <span class='ocrx_word' id='word_1_214' title='bbox 704 1637 844 1688; x_wconf 90' lang='lat' dir='ltr'>quibus</span> <span class='ocrx_word' id='word_1_215' title='bbox 869 1636 917 1674; x_wconf 87' lang='lat' dir='ltr'>de</span> <span class='ocrx_word' id='word_1_216' title='bbox 942 1638 1055 1675; x_wconf 89' lang='lat' dir='ltr'>rebus</span> <span class='ocrx_word' id='word_1_217' title='bbox 1084 1637 1224 1676; x_wconf 88' lang='lat' dir='ltr'>dicturi</span> 
     </span>
     <span class='ocr_line' id='line_1_30' title="bbox 97 1691 1224 1742; baseline 0 -11"><span class='ocrx_word' id='word_1_218' title='bbox 97 1705 242 1731; x_wconf 89' lang='lat' dir='ltr'>sumus.</span> <span class='ocrx_word' id='word_1_219' title='bbox 290 1693 503 1732; x_wconf 85' lang='lat' dir='ltr'>Benevolos</span> <span class='ocrx_word' id='word_1_220' title='bbox 533 1691 723 1730; x_wconf 85' lang='lat' dir='ltr'>auditores</span> <span class='ocrx_word' id='word_1_221' title='bbox 753 1691 875 1729; x_wconf 81' lang='lat' dir='ltr'>faeere</span> <span class='ocrx_word' id='word_1_222' title='bbox 906 1699 1070 1742; x_wconf 88' lang='lat' dir='ltr'>quatuor</span> <span class='ocrx_word' id='word_1_223' title='bbox 1098 1692 1224 1731; x_wconf 90' lang='lat' dir='ltr'>modis</span> 
     </span>
     <span class='ocr_line' id='line_1_31' title="bbox 95 1745 1225 1798; baseline -0.001 -12"><span class='ocrx_word' id='word_1_224' title='bbox 95 1760 313 1798; x_wconf 88' lang='lat' dir='ltr'>possumus,</span> <span class='ocrx_word' id='word_1_225' title='bbox 334 1761 358 1785; x_wconf 89' lang='lat' dir='ltr'>a</span> <span class='ocrx_word' id='word_1_226' title='bbox 375 1747 518 1793; x_wconf 62' lang='lat' dir='ltr'>nostra,</span> <span class='ocrx_word' id='word_1_227' title='bbox 539 1748 587 1784; x_wconf 91' lang='lat' dir='ltr'>ab</span> <span class='ocrx_word' id='word_1_228' title='bbox 603 1745 918 1792; x_wconf 81' lang='lat' dir='ltr'>adversariorum,</span> <span class='ocrx_word' id='word_1_229' title='bbox 940 1747 988 1783; x_wconf 91' lang='lat' dir='ltr'>ab</span> <span class='ocrx_word' id='word_1_230' title='bbox 1004 1745 1225 1785; x_wconf 85' lang='lat' dir='ltr'>auditorum</span> 
     </span>
     <span class='ocr_line' id='line_1_32' title="bbox 98 1800 626 1853; baseline -0.004 -12"><span class='ocrx_word' id='word_1_231' title='bbox 98 1803 273 1853; x_wconf 63' lang='lat' dir='ltr'>persona,</span> <span class='ocrx_word' id='word_1_232' title='bbox 294 1809 332 1840; x_wconf 91' lang='lat' dir='ltr'>et</span> <span class='ocrx_word' id='word_1_233' title='bbox 350 1815 373 1839; x_wconf 87' lang='lat' dir='ltr'>a</span> <span class='ocrx_word' id='word_1_234' title='bbox 391 1802 504 1839; x_wconf 89' lang='lat' dir='ltr'>rebus</span> <span class='ocrx_word' id='word_1_235' title='bbox 523 1800 626 1852; x_wconf 90' lang='lat' dir='ltr'>ipsis.</span> 
     </span>
    </p>

    <p class='ocr_par' dir='ltr' id='par_1_3' title="bbox 97 1853 1227 2233">
     <span class='ocr_line' id='line_1_33' title="bbox 153 1853 1223 1907; baseline -0.002 -12"><span class='ocrx_word' id='word_1_236' title='bbox 153 1855 205 1895; x_wconf 89' lang='lat' dir='ltr'>V.</span> <span class='ocrx_word' id='word_1_237' title='bbox 234 1857 276 1894; x_wconf 91' lang='lat' dir='ltr'><strong>A</strong></span> <span class='ocrx_word' id='word_1_238' title='bbox 294 1856 424 1895; x_wconf 67' lang='lat' dir='ltr'>nostra</span> <span class='ocrx_word' id='word_1_239' title='bbox 442 1855 603 1907; x_wconf 65' lang='lat' dir='ltr'>persona</span> <span class='ocrx_word' id='word_1_240' title='bbox 621 1853 926 1893; x_wconf 85' lang='lat' dir='ltr'>benevolentiam</span> <span class='ocrx_word' id='word_1_241' title='bbox 941 1853 1223 1903; x_wconf 83' lang='lat' dir='ltr'>contrahemus,</span> 
     </span>
     <span class='ocr_line' id='line_1_34' title="bbox 97 1907 1223 1969; baseline -0.001 -20"><span class='ocrx_word' id='word_1_242' title='bbox 97 1909 131 1948; x_wconf 85' lang='lat' dir='ltr'>si</span> <span class='ocrx_word' id='word_1_243' title='bbox 149 1918 323 1949; x_wconf 90' lang='lat' dir='ltr'>nostrum</span> <span class='ocrx_word' id='word_1_244' title='bbox 341 1910 510 1948; x_wconf 86' lang='lat' dir='ltr'>officium</span> <span class='ocrx_word' id='word_1_245' title='bbox 529 1909 610 1948; x_wconf 88' lang='lat' dir='ltr'>sine</span> <span class='ocrx_word' id='word_1_246' title='bbox 628 1908 845 1959; x_wconf 83' lang='lat' dir='ltr'>arrogantia</span> <span class='ocrx_word' id='word_1_247' title='bbox 862 1907 1122 1969; x_wconf 83' lang='lat' dir='ltr'>laudabimus,</span> <span class='ocrx_word' id='word_1_248' title='bbox 1142 1918 1223 1958; x_wconf 88' lang='lat' dir='ltr'>aut,</span> 
     </span>
     <span class='ocr_line' id='line_1_35' title="bbox 97 1962 1224 2017; baseline -0.002 -14"><span class='ocrx_word' id='word_1_249' title='bbox 97 1963 140 2002; x_wconf 89' lang='lat' dir='ltr'>in</span> <span class='ocrx_word' id='word_1_250' title='bbox 166 1964 444 2017; x_wconf 86' lang='lat' dir='ltr'>rempublicam</span> <span class='ocrx_word' id='word_1_251' title='bbox 474 1964 606 2016; x_wconf 86' lang='lat' dir='ltr'>quales</span> <span class='ocrx_word' id='word_1_252' title='bbox 635 1963 836 2007; x_wconf 88' lang='lat' dir='ltr'>fuerimus,</span> <span class='ocrx_word' id='word_1_253' title='bbox 867 1970 934 2000; x_wconf 88' lang='lat' dir='ltr'>aut</span> <span class='ocrx_word' id='word_1_254' title='bbox 962 1962 1003 1999; x_wconf 91' lang='lat' dir='ltr'>in</span> <span class='ocrx_word' id='word_1_255' title='bbox 1035 1975 1224 2014; x_wconf 77' lang='lat' dir='ltr'>parentes,</span> 
     </span>
     <span class='ocr_line' id='line_1_36' title="bbox 99 2015 1226 2068; baseline -0.002 -11"><span class='ocrx_word' id='word_1_256' title='bbox 99 2026 167 2056; x_wconf 89' lang='lat' dir='ltr'>aut</span> <span class='ocrx_word' id='word_1_257' title='bbox 183 2018 224 2057; x_wconf 90' lang='lat' dir='ltr'>in</span> <span class='ocrx_word' id='word_1_258' title='bbox 243 2019 398 2065; x_wconf 88' lang='lat' dir='ltr'>amicos,</span> <span class='ocrx_word' id='word_1_259' title='bbox 425 2025 493 2056; x_wconf 90' lang='lat' dir='ltr'>aut</span> <span class='ocrx_word' id='word_1_260' title='bbox 517 2018 558 2055; x_wconf 91' lang='lat' dir='ltr'>in</span> <span class='ocrx_word' id='word_1_261' title='bbox 585 2031 648 2056; x_wconf 84' lang='lat' dir='ltr'>eos</span> <span class='ocrx_word' id='word_1_262' title='bbox 671 2017 773 2068; x_wconf 91' lang='lat' dir='ltr'>ipsos</span> <span class='ocrx_word' id='word_1_263' title='bbox 799 2016 867 2068; x_wconf 90' lang='lat' dir='ltr'>qui</span> <span class='ocrx_word' id='word_1_264' title='bbox 892 2015 1070 2063; x_wconf 87' lang='lat' dir='ltr'>audiunt,</span> <span class='ocrx_word' id='word_1_265' title='bbox 1090 2017 1226 2055; x_wconf 85' lang='lat' dir='ltr'>refere-</span> 
     </span>
     <span class='ocr_line' id='line_1_37' title="bbox 99 2070 1227 2122; baseline -0.003 -11"><span class='ocrx_word' id='word_1_266' title='bbox 99 2085 201 2120; x_wconf 89' lang='lat' dir='ltr'>mus,</span> <span class='ocrx_word' id='word_1_267' title='bbox 231 2073 327 2111; x_wconf 91' lang='lat' dir='ltr'>dum</span> <span class='ocrx_word' id='word_1_268' title='bbox 351 2073 433 2111; x_wconf 87' lang='lat' dir='ltr'>haec</span> <span class='ocrx_word' id='word_1_269' title='bbox 458 2072 588 2110; x_wconf 86' lang='lat' dir='ltr'>omnia</span> <span class='ocrx_word' id='word_1_270' title='bbox 613 2071 662 2110; x_wconf 87' lang='lat' dir='ltr'>ad</span> <span class='ocrx_word' id='word_1_271' title='bbox 689 2084 774 2110; x_wconf 90' lang='lat' dir='ltr'>eam</span> <span class='ocrx_word' id='word_1_272' title='bbox 798 2071 923 2122; x_wconf 89' lang='lat' dir='ltr'>ipsam</span> <span class='ocrx_word' id='word_1_273' title='bbox 948 2083 1044 2117; x_wconf 91' lang='lat' dir='ltr'>rem,</span> <span class='ocrx_word' id='word_1_274' title='bbox 1072 2070 1120 2108; x_wconf 92' lang='lat' dir='ltr'>de</span> <span class='ocrx_word' id='word_1_275' title='bbox 1147 2071 1227 2121; x_wconf 85' lang='lat' dir='ltr'>qua</span> 
     </span>
     <span class='ocr_line' id='line_1_38' title="bbox 99 2124 1226 2178; baseline -0.005 -12"><span class='ocrx_word' id='word_1_276' title='bbox 99 2127 240 2178; x_wconf 80' lang='lat' dir='ltr'>agitur,</span> <span class='ocrx_word' id='word_1_277' title='bbox 280 2127 356 2166; x_wconf 88' lang='lat' dir='ltr'>sint</span> <span class='ocrx_word' id='word_1_278' title='bbox 387 2125 683 2165; x_wconf 83' lang='lat' dir='ltr'>accommodata.</span> <span class='ocrx_word' id='word_1_279' title='bbox 725 2126 828 2163; x_wconf 91' lang='lat' dir='ltr'>Item</span> <span class='ocrx_word' id='word_1_280' title='bbox 861 2125 893 2162; x_wconf 90' lang='lat' dir='ltr'>si</span> <span class='ocrx_word' id='word_1_281' title='bbox 922 2133 1051 2163; x_wconf 89' lang='lat' dir='ltr'>nostra</span> <span class='ocrx_word' id='word_1_282' title='bbox 1080 2124 1226 2162; x_wconf 86' lang='lat' dir='ltr'>incom-</span> 
     </span>
     <span class='ocr_line' id='line_1_39' title="bbox 100 2178 1225 2233; baseline -0.001 -14"><span class='ocrx_word' id='word_1_283' title='bbox 100 2181 215 2219; x_wconf 85' lang='lat' dir='ltr'>moda</span> <span class='ocrx_word' id='word_1_284' title='bbox 241 2181 490 2232; x_wconf 86' lang='lat' dir='ltr'>proferemus,</span> <span class='ocrx_word' id='word_1_285' title='bbox 521 2180 707 2233; x_wconf 87' lang='lat' dir='ltr'>inopiam,</span> <span class='ocrx_word' id='word_1_286' title='bbox 738 2178 1000 2228; x_wconf 83' lang='lat' dir='ltr'>solitudinem,</span> <span class='ocrx_word' id='word_1_287' title='bbox 1032 2178 1225 2218; x_wconf 83' lang='lat' dir='ltr'>calamita-</span> 
     </span>
    </p>

    <p class='ocr_par' dir='ltr' id='par_1_4' title="bbox 157 2236 898 2284">
     <span class='ocr_line' id='line_1_40' title="bbox 157 2236 898 2284; baseline -0.008 -7"><span class='ocrx_word' id='word_1_288' title='bbox 157 2236 357 2284; x_wconf 73' lang='lat' dir='ltr'>(Rhetor.)</span> <span class='ocrx_word' id='word_1_289' title='bbox 387 2246 478 2274; x_wconf 63' lang='lat' dir='ltr'>vor</span> <span class='ocrx_word' id='word_1_290' title='bbox 517 2246 568 2274; x_wconf 88' lang='lat'>11.</span> <span class='ocrx_word' id='word_1_291' title='bbox 873 2244 898 2271; x_wconf 92' lang='grc' dir='ltr'>ο</span> 
     </span>
    </p>
   </div>
  </div>
 </body>
</html>
