1466 2458
495 81 761 133 ORATOR,
792 74 900 123 car.
926 84 988 125 19.
1266 87 1315 133 17

176 192 368 233 Vultus
385 206 490 243 vero,
511 194 582 246 qui
608 193 823 233 secundum
851 206 984 233 vocem
1004 195 1222 248 plurimum
1243 211 1313 250 po-

164 255 252 297 test,
276 257 466 302 quantam
491 249 603 288 affert
629 257 716 287 tum
742 248 988 300 dignitatem,
1016 259 1103 290 tum
1131 261 1312 292 venusta-

164 303 274 343 oem!
317 304 358 342 ιιι
388 317 468 367 quo
497 316 590 343 cum
619 303 801 350 effeceris,
830 316 881 342 ne
910 305 1006 356 quid
1035 306 1215 359 ineptum
1243 317 1312 347 aut

162 358 390 398 vultuosum
421 359 484 406 sit,
516 367 603 398 tum
636 359 839 398 oculorum
870 367 926 398 ψει
957 361 1137 412 quaedam
1167 375 1314 415 magna

161 413 388 453 moderatio.
445 414 570 462 Nam,
598 422 643 452 ιιι
670 414 802 465 imago
829 423 885 453 est
911 415 1034 453 animi
1061 417 1219 463 vultus;
1257 418 1311 458 sic

161 467 308 508 indices
327 469 456 516 oculi;
487 482 657 522 quorum
677 478 714 508 et
734 469 940 507 hilaritatis
963 478 1000 508 et
1028 471 1193 510 vicissim
1222 473 1310 512 tris·

161 523 258 563 titiae
267 524 432 563 modum
445 538 505 564 ιω
515 525 625 578 ipsae
638 524 686 563 de
698 524 842 577 quibus
854 533 1004 576 agetur,
1018 529 1306 579 temperabunt.

214 578 340 618 XIX.
371 580 449 619 Sed
471 581 556 631 jam
578 579 686 618 illius
709 579 868 632 perfecti
894 580 1054 619 oratoris
1081 590 1118 621 et
1142 595 1308 622 summae

160 633 394 687 eloquentiae
419 635 562 688 specioe
588 633 842 688 exprimenda
869 642 951 682 oet3
987 649 1106 688 quem
1130 637 1204 676 hoc
1227 651 1308 678 uno

162 689 363 737 excellere,
382 689 424 728 id
443 698 500 730 εει
519 690 705 737 oratione,
726 696 864 729 caetera
882 689 923 728 in
943 703 988 729 eo
1007 692 1140 739 latere,
1161 693 1308 732 indicat

160 756 304 784 nomen
323 745 467 798 ipsum.
502 745 597 785 Non
618 745 723 784 enim
742 745 934 791 inventor,
962 754 1031 785 aut
1057 749 1305 800 compositor,

160 807 230 839 aut
255 807 375 850 actor,
395 800 479 841 haec
498 801 727 854 complexus
753 808 810 840 est
833 801 992 847 omnia;
1023 802 1089 840 sed
1109 811 1146 842 et
1171 803 1307 843 Graece

158 856 210 895 ab
228 855 447 909 eloquendo
463 857 525 895 'Pr
519 871 605 907 ,ρτω
610 863 678 905 ‚et
694 856 837 895 Latine
853 857 1072 919 Eloquens,
1089 857 1216 897 dictus
1235 867 1304 898 est.

159 910 399 952 Caeterarum
420 911 525 951 enim
540 924 686 958 rerum
703 925 792 964 quae
807 920 898 950 sunt
913 912 953 950 in
969 920 1132 962 oratore,
1153 922 1304 966 partem

156 966 332 1019 aliquam
352 966 426 1006 sibi
445 967 611 1020 quisque
630 967 820 1006 vindicat:
847 966 1000 1006 dicendi
1020 976 1167 1013 autem..
1188 968 1229 1007 id
1249 979 1305 1009 oet

156 1021 379 1075 eloquendi,
399 1022 577 1061 maxima
596 1036 653 1061 vis
673 1022 743 1061 soli
762 1022 854 1061 huic
873 1022 1108 1062 conceditur.
1149 1024 1304 1073 Quam-

153 1090 276 1130 quam
296 1077 401 1116 enim
421 1085 459 1117 et
478 1077 700 1131 philosophi
720 1077 882 1130 quidam
906 1086 1039 1118 ornate
1057 1079 1177 1118 locuti
1197 1088 1303 1128 sunt,

154 1132 367 1185 (siquidem
397 1140 436 1172 et
461 1132 758 1186 Theophrastus
788 1132 989 1172 divinitate
1017 1134 1204 1187 loquendi
1234 1148 1304 1174 no-

153 1199 246 1226 men
271 1187 436 1235 invenit,
463 1194 502 1227 et
527 1188 758 1227 Aristoteles
787 1188 997 1227 Isocratem
1024 1188 1154 1241 ipsum
1184 1190 1304 1229 laces-

152 1242 257 1292 sivit,
286 1250 325 1282 et
350 1243 626 1296 Xenophontis
651 1256 743 1283 voce
770 1243 910 1282 Musas
937 1244 1049 1296 quasi
1074 1245 1224 1284 locutas
1247 1245 1304 1284 fe-

153 1305 272 1344 runt3
303 1304 342 1337 et
359 1298 475 1351 longe
494 1299 688 1346 omnium,
710 1299 951 1351 quicumque
978 1299 1212 1352 scripserunt
1235 1310 1303 1340 aut

152 1352 272 1392 locuti
291 1359 397 1402 sunt,
418 1353 566 1392 exstitit
585 1362 622 1392 et
641 1354 830 1405 gravitate
854 1354 1033 1406 princeps
1058 1355 1214 1402 Plato);
1245 1365 1304 1394 ta-

152 1420 245 1447 men
263 1407 407 1447 horum
426 1408 548 1448 oratio
570 1421 697 1461 neque
722 1421 858 1447 nervos
884 1421 1013 1462 neque
1038 1410 1191 1449 aculeos
1218 1423 1304 1451 ora-

151 1464 269 1503 torios
287 1476 333 1503 ac
351 1463 520 1503 forensoe
534 1463 664 1503 habet.
695 1463 935 1517 Loquuntur
949 1477 1039 1503 cum
1055 1464 1190 1512 doctis,
1205 1479 1303 1518 quo-

150 1531 242 1559 rum
272 1518 405 1558 sedare
429 1518 581 1558 animos
606 1519 776 1568 malunt,
801 1531 922 1572 quam
947 1519 1120 1559 incitare.
1162 1520 1227 1560 Sic
1253 1521 1302 1561 de

150 1575 267 1614 rebus
285 1574 461 1627 placatis,
482 1587 527 1613 ac
545 1573 709 1613 minime
722 1574 972 1622 turbulentis
989 1574 1152 1614 docendi
1167 1577 1299 1626 causa,

151 1642 232 1669 non
261 1629 454 1683 capiendi,
475 1629 708 1683 loquuntur,
738 1638 799 1678 ut,
820 1630 861 1668 in
881 1643 926 1668 eo
945 1630 1030 1683 ipso
1049 1630 1155 1683 quod
1175 1630 1302 1671 delec-

149 1684 336 1725 tationem
349 1685 524 1738 aliquam
537 1684 699 1724 dicendo
710 1693 968 1737 aucupentur,
983 1686 1072 1738 plus
1084 1687 1299 1736 nonnullis,

148 1753 272 1794 quam
291 1753 445 1780 necoese
464 1740 526 1790 sit,
544 1740 670 1780 facere
688 1740 904 1779 videantur.
942 1740 1051 1793 Ergo
1070 1742 1120 1780 ab
1139 1741 1213 1781 hoc
1232 1755 1300 1795 ge-

149 1804 242 1835 nere
259 1808 340 1835 non
359 1795 517 1835 difficile
535 1803 591 1835 oet
610 1795 712 1835 hanc
731 1795 1010 1848 eloquentiam,
1032 1795 1081 1835 de
1095 1809 1175 1848 qua
1194 1809 1301 1837 nunc

149 1851 295 1904 agitur,
315 1863 522 1891 secernere.
551 1850 691 1890 Mollis
710 1859 767 1890 est
786 1851 891 1890 enim
911 1851 1033 1890 oratio
1047 1851 1300 1905 philosopho-

147 1919 256 1955 rum,
277 1913 315 1946 et
327 1906 562 1953 umbratilis,
583 1918 655 1946 noc
674 1906 873 1946 sententiis
887 1919 957 1945 nec
973 1921 996 1945 ι
997 1907 1098 1946 erbis
1111 1907 1301 1947 instructa

147 1935 418 2057 ffffbus’
438 1961 866 2056 xlilecbvinffiumezlis
887 1961 954 2001 sed
937 1963 1101 2056 msltlillluta
1125 1962 1299 2065 libeffi

284 2024 429 2056 iratum
478 2030 502 2056 a
530 2024 582 2065 et,
721 2029 804 2055 mvi
831 2030 917 2066 um,
1056 2025 1168 2056 atrox

149 2071 343 2122 mirabile,
363 2071 464 2111 nihil
483 2079 683 2111 astutum·
715 2080 832 2119 casta,
854 2072 1085 2121 verecunda,
1106 2072 1216 2125 virgo
1238 2073 1300 2110 ιιι-

149 2134 331 2180 corrupta
348 2127 651 2180 quodammodo.
693 2127 835 2180 Itaque
863 2140 990 2167 sermo
1013 2127 1156 2181 potius
1177 2140 1299 2180 quam

143 2182 285 2233 urano,
306 2181 458 2223 dicitur.
497 2182 757 2236 Quamquam
777 2183 884 2223 enim
902 2183 1031 2224 omnis
1049 2182 1194 2222 locutio
1211 2195 1298 2222 ora·

887 2249 911 2276 c
940 2239 966 2277 3
