1456 2396
179 93 265 134 AD
284 93 491 135 HEREN
494 94 537 134 N
539 93 670 146 IUM,
694 94 794 134 Lm.
813 94 890 135 IV.
913 94 1021 135 CAP.
1039 94 1105 133 56.
1135 93 1212 133 261

80 203 165 243 ‘oeri
183 203 414 243 concionem.
455 203 535 243 Iste
552 203 710 252 interoe,
731 204 876 244 scelere·
887 211 926 244 et
943 203 1056 243 malis
1074 203 1218 256 cogita-

87 258 256 298 tiom'bus
280 258 513 306 redundans,
542 260 667 297 evolat
693 272 741 297 ex
766 260 912 311 templo
937 259 967 297 J
968 259 1062 307 ovis,
1090 267 1128 298 et
1154 271 1219 297 su-

87 312 197 361 dans,
212 313 332 351 oculis
350 312 584 361 ardentibus,
606 321 728 352 erecto
747 314 900 364 capillo,
921 313 1092 352 contorta
1111 312 1217 364 toga,

88 379 179 406 cum
192 367 369 418 pluribus
385 367 468 405 aliis
482 367 536 406 ire
550 367 707 406 celerius
723 368 846 419 coepit.
879 368 945 405 Illi
963 380 1087 419 praeco
1105 367 1220 406 facie-

88 423 156 460 bat
173 421 433 460 audientiam:
455 421 532 469 hic,
553 422 779 460 subsellium
799 422 995 473 quoddam
1015 423 1116 460 83188
1130 435 1218 473 pre-

88 487 213 525 mens,
234 475 371 515 dextra
387 476 526 528 pedem
545 475 741 528 defringit,
763 484 800 514 et
819 476 912 514 alios
930 476 1002 515 hoc
1026 476 1131 514 idem
1154 477 1219 526 ju-

91 532 156 569 bet
183 530 317 570 facere.
356 530 460 569 Cum
491 530 687 569 Gracchus
717 530 822 569 Deos
851 530 1033 582 inciperet
1058 531 1218 583 precari,

90 585 233 624 cursim
251 585 314 623 isti
332 585 523 637 impetum
540 585 714 623 faciunt:
747 598 795 623 ex
814 585 898 623 31115
918 585 1077 636 ahisque
1102 585 1222 637 parti-

90 640 164 678 bus
194 640 420 679 convolant:
452 647 568 692 atque
599 652 619 678 e
648 640 793 692 populo
818 652 933 687 unus,
965 642 977 661 ‘
995 640 1203 691 Fuge,'m

91 694 192 746 quit,
231 697 243 717 ‘
259 694 419 732 Tiberi!
463 694 580 746 fuge!
630 695 724 733 Νο11
762 694 900 733 vides?
943 694 1119 745 Respice,
1163 694 1222 731 in-

92 749 240 800 quam.’
283 749 450 797 Deinde,
475 763 573 801 vaga
590 749 814 797 multitudo,
837 749 963 787 subito
982 749 1117 787 timore
1136 762 1222 800 per-

90 802 234 851 territa,
251 803 384 855 fugere
403 803 525 856 coepit.
556 804 615 842 At
633 804 716 851 iste,
737 817 922 855 spumans
940 816 988 842 ex
1003 816 1066 841 ore
1086 803 1221 850 scelus,

91 857 276 896 anhelans
300 871 349 897 ex
367 858 504 896 intimo
522 867 673 910 pectore
693 859 971 905 crudelitatem,
999 865 1223 910 contorquet

91 912 320 959 brachium3
352 920 390 951 et
414 913 608 952 dubitanti
629 913 816 960 Graccho,
845 913 940 964 quid
959 921 1067 961 esset,
1096 925 1223 964 neque

90 973 221 1004 tamen
235 967 379 1016 locum,
395 967 435 1006 in
451 981 529 1020 quo
544 968 774 1015 constiterat,
795 967 1039 1019 relinquenti,
1060 967 1224 1019 percutit

89 1028 256 1074 tempus.
288 1022 376 1070 Ille,
397 1023 508 1061 nulla
526 1035 617 1061 voce
635 1023 829 1070 delabens,
850 1022 965 1060 insita
980 1022 1119 1060 virtute
1135 1034 1224 1059 con-

84 1075 185 1115 ¹cidit
203 1076 352 1116 tacitus.
384 1077 477 1125 Iste,
498 1077 570 1116 viri
584 1077 781 1116 fortissimi
799 1076 1015 1115 miserando
1038 1075 1225 1128 sanguine

86 1130 305 1183 adspersus,
322 1132 432 1184 quasi
446 1131 595 1171 facinus
614 1132 949 1184 praeclarissimum
970 1131 1130 1178 fecisset,
1153 1131 1225 1168 cir-

91 1194 356 1238 cumspectans
375 1194 412 1225 et
431 1187 577 1235 hilaris,
598 1187 819 1226 sceleratam
839 1186 1122 1238 gratulantibus
1140 1198 1225 1223 ma-

91 1252 189 1278 num
221 1241 432 1293 porrigens,
468 1241 509 1279 in
539 1241 731 1293 templum
764 1242 793 1280 J
795 1242 876 1280 ovis
909 1241 1070 1279 contulit
1103 1239 1225 1279 sese.’'

94 1294 193 1332 Haec
212 1296 409 1334 exornatio
427 1296 643 1348 plurimum
663 1296 817 1348 prodest
835 1297 875 1334 in
896 1295 1169 1347 amplificanda
1190 1301 1228 1333 et

94 1349 399 1388 commiseranda
417 1364 472 1399 re,
492 1351 717 1400 hujusmodi
737 1351 1062 1389 enarrationibus:
1094 1349 1228 1389 statuit

93 1403 198 1442 enim
218 1412 338 1443 totam
358 1418 454 1453 rem,
475 1413 512 1443 et
531 1419 649 1457 prope
667 1406 777 1457 ponit
795 1414 883 1444 ante
901 1405 1042 1443 oculos.

149 1458 262 1498 LVI.
286 1459 436 1498 Omnes
454 1460 618 1499 rationes
638 1460 885 1499 honestandae
903 1458 1125 1498 elocutionis
1145 1466 1226 1497 stu-

93 1512 197 1551 diose
212 1514 478 1565 collegimus,
467 1527 508 1552 m
528 1515 684 1567 quibus,
706 1515 895 1562 Herenni,
917 1514 948 1552 si
967 1523 1004 1552 te
1023 1514 1227 1565 diligenter

94 1568 319 1615 exercueris,
348 1576 384 1607 et
410 1569 652 1621 gravitatem,
678 1577 715 1607 et
741 1569 992 1630 dignitatem,
1005 1577 1041 1607 et
1061 1568 1228 1607 suavita-

95 1629 175 1660 tem
201 1623 376 1661 habere
365 1636 406 1661 m
432 1623 593 1662 dicendo
612 1624 765 1676 poteris,
793 1632 837 1662 ut
856 1623 1016 1662 oratorie
1036 1623 1150 1675 plane
1169 1623 1227 1661 lo-

95 1677 250 1729 quaris;
273 1690 321 1716 ne
340 1678 446 1717 nuda
464 1687 579 1732 atque
597 1679 773 1717 inornata
791 1678 960 1717 inventio
980 1677 1130 1741 vulgari
1149 1691 1227 1716 ser-
1246 1717 1250 1720 .

95 1744 209 1770 mone
236 1731 424 1771 efferatur.
467 1733 586 1771 Nunc
605 1733 815 1772 identidem
842 1740 992 1771 nosmet
1017 1733 1091 1784 ipsi
1116 1732 1228 1771 nobis

96 1785 307 1825 instemus:
338 1800 397 1825 res
419 1787 523 1826 enim
542 1787 758 1826 communis
783 1788 925 1849 agitur,
946 1795 990 1825 ut
1008 1787 1228 1839 frequenter

97 1847 134 1879 et
160 1841 310 1879 assidue
335 1854 616 1894 consequamur
641 1842 731 1881 artis
750 1842 938 1881 rationem
958 1841 1084 1880 studio
1104 1849 1141 1879 et
1161 1854 1228 1879 ex-

99 1895 342 1942 ercitatione;
372 1897 477 1949 quod
492 1897 572 1945 alii,
589 1910 679 1935 cum
692 1897 882 1943 molestia,
899 1897 1021 1934 tribus
1040 1896 1088 1934 de
1106 1896 1229 1934 causis

96 1950 268 1988 maxime
293 1950 465 1997 faciunt3
497 1960 564 1989 aut
583 1951 627 1998 si,
650 1965 736 1990 cum
766 1951 906 2003 quibus
932 1952 1095 1989 libenter
1120 1963 1228 1988 exer·-

99 2012 269 2052 ceantur,
298 2017 375 2043 non
406 2006 575 2052 habent;
606 2014 674 2044 aut
699 2007 730 2045 si
761 2006 833 2044 sibi
864 2005 1069 2051 diffidunt3
1101 2013 1167 2042 aut
1198 2004 1229 2042 si

99 2059 289 2107 nesciunt,
321 2073 440 2111 quam
471 2060 573 2098 viam
603 2061 712 2112 sequi
738 2061 924 2099 debeant:
957 2073 1044 2112 quae
1070 2073 1092 2097 a
1117 2058 1228 2097 nobis

99 2115 240 2152 absunt
266 2126 399 2153 omnes
424 2113 677 2153 difficultates.
727 2116 835 2153 Nam
861 2123 899 2153 et
924 2114 1041 2153 simul
1066 2114 1229 2151 libenter

100 2181 322 2207 exercemur
339 2176 494 2220 propter
512 2169 736 2218 amicitiam,
757 2170 867 2220 cujus
882 2169 1038 2207 initium
1053 2167 1229 2219 cognatio

98 2222 201 2272 fecit,
223 2231 357 2263 caetera
375 2223 628 2276 philosophiae
647 2224 744 2263 ratio
763 2223 1029 2271 confirmavit3
1061 2231 1099 2261 et
1116 2221 1227 2261 nobis
