1466 2458
433 103 698 156 ORATOR,
720 104 827 145 CAP.
844 104 910 150 27.
1185 100 1240 140 25

109 213 182 253 hoc
198 213 362 264 humile,
382 213 432 254 de
457 228 538 267 quo
565 214 714 255 dictum
733 222 791 254 est
807 229 820 262 ;
851 212 1078 253 submissius
1097 218 1244 257 autem,

106 281 229 320 quam
246 269 361 318 illud,
381 269 430 308 de
449 282 528 321 quo
542 270 627 320 jam
646 269 808 318 dicetur,
823 269 1122 322 amplissimum,
1153 266 1243 304 Hoc

109 322 151 360 in
170 336 323 375 genere,
343 336 552 363 nervorum
571 325 633 364 vel
651 324 879 372 minimum,
901 323 1098 362 suavitatis
1113 329 1244 359 autem

109 385 167 416 ost
185 378 247 417 vel
264 378 493 430 plurimum.
522 379 597 417 Est
612 379 717 418 enim
736 378 903 431 plenius,
919 391 1040 430 quam
1054 377 1127 416 hoc
1147 388 1242 414 enu-

109 432 304 479 chamum
334 446 455 485 quam
481 442 613 473 autem
632 434 732 473 illud
749 441 930 473 ornatum
951 432 1241 484 copiosumque,

108 487 347 526 submissius.

165 541 352 582 XXVII.
383 543 491 582 Huic
518 543 650 582 omnia
675 542 827 582 dicendi
853 549 1079 582 ornamenta
1104 552 1240 580 conve-

109 595 249 643 niunt;
289 598 585 650 plurimumque
615 607 685 647 351,
716 599 758 636 111
787 598 860 636 1130
890 597 1072 636 orationis
1101 594 1241 639 form-21,

112 651 321 690 suavitatis.
362 653 412 690 In
440 666 521 704 qua
546 653 663 691 multi
690 653 903 691 floruerunt
927 651 1032 704 apud
1059 650 1096 688 G
1099 663 1242 689 raecos:

110 705 179 744 sed
197 706 407 746 Phalereus
427 707 651 747 Demetrius
670 720 757 746 meo
773 709 818 758 ju
809 707 919 745 ,dicio
937 705 1113 759 praestitit
1135 712 1245 744 caete-

105 759 190 807 ·ris;
221 762 332 811 cujus
362 762 483 801 oratio
516 775 606 801 cum
640 762 767 801 sedate
796 761 1024 814 placideque
1055 760 1243 812 loquitur,

112 821 199 853 tum
228 815 424 855 illustrant
454 830 555 864 eam,
589 817 699 868 quasi
730 817 849 855 stellae
878 815 1073 868 quaedam,
1108 815 1246 852 tralata

112 872 243 921 verba,
272 878 389 923 atque
416 872 634 910 immutata.
679 872 841 910 Tralata
868 884 912 910 ea
939 870 1025 909 djco
1054 873 1115 913 (ut
1146 881 1246 920 saepe

110 924 227 974 jam),
247 939 336 978 quae
355 939 424 988 per
442 927 736 965 similitudinem
757 928 806 965 ab
826 926 902 965 3113
921 938 976 974 re,
993 932 1060 963 aut
1079 923 1246 962 suavita-

113 979 163 1018 tis
181 989 249 1019 aut
266 981 408 1033 inopiae
426 995 556 1031 causa,
579 982 885 1020 transferuntur:
916 987 1081 1027 mutata,
1097 979 1138 1017 in
1159 978 1246 1030 qui-

114 1035 204 1083 bus,
223 1048 294 1086 pro
313 1038 429 1075 verbo
448 1037 618 1088 proprio,
639 1037 843 1086 subjicitur
868 1035 989 1082 aliud,
1011 1033 1116 1086 quod
1141 1033 1244 1071 idem

113 1089 315 1141 significet,
336 1098 510 1130 sumtum
538 1105 586 1130 ex
611 1105 653 1130 re
680 1092 812 1143 aliqua
838 1089 1098 1141 consequenti.
1127 1087 1248 1135 Quod

114 1157 355 1197 quamquam
367 1146 630 1184 transferendo
642 1146 700 1195 fit,
721 1155 850 1184 tamen
866 1145 941 1183 alio
953 1143 1069 1182 modo
1081 1150 1244 1181 transtu-

113 1198 175 1248 lit,
195 1212 285 1238 cum
305 1199 404 1239 dixit
415 1200 570 1240 Ennius
590 1203 620 1224 “
633 1214 760 1239 arcem
780 1208 817 1239 et
836 1201 973 1238 urbem
988 1199 1140 1237 orbas-⁹
1145 1197 1248 1235 ’3110

115 1253 248 1301 modo,
262 1254 294 1292 si
315 1252 405 1307 [pro
423 1256 562 1307 patria,
583 1257 730 1307 arcem]
748 1255 932 1293 dixisset:
956 1258 1020 1292 et
1026 1252 1246 1291 ·horridam

114 1307 297 1347 Africam
325 1309 486 1348 terribili
516 1317 678 1348 tremere
706 1309 909 1348 tumultu'’
930 1321 1020 1347 cum
1040 1307 1146 1355 dicit,
1178 1319 1249 1358 pro

117 1362 255 1401 Afris
244 1371 428 1402 immutat
442 1364 634 1402 Africam.
664 1365 780 1402 Hanc
797 1365 847 1402 H
839 1364 996 1415 ypalla
980 1376 1049 1400 eren
1063 1362 1247 1407 rhetores,

118 1417 213 1468 quia
231 1418 341 1470 quasi
359 1419 636 1457 submutantur
654 1420 771 1457 verba
788 1432 859 1471 pro
878 1418 1002 1456 verbis
1020 1430 1031 1462 ς
1064 1417 1248 1466 λίετοημ-

117 1474 240 1510 miam
285 1473 528 1524 grammatici
560 1481 712 1523 vocant,
747 1473 854 1526 quod
889 1472 1050 1511 nomina
1084 1471 1247 1510 transfe-

115 1535 268 1565 runtur.

172 1582 403 1621 Aristoteles
420 1590 552 1622 autem
571 1583 812 1622 translationi
829 1582 910 1622 haec
929 1582 1013 1635 ipsa
1032 1580 1247 1633 subjungit,

118 1644 160 1676 et
185 1637 427 1686 abusionem,
457 1651 577 1690 quam
607 1645 845 1691 Καταχρησιν
873 1645 1039 1683 vocant;
1069 1645 1127 1684 ut,
1158 1649 1248 1674 cum

119 1693 327 1731 minutum
352 1692 516 1732 dicimus
542 1693 720 1731 animum
745 1705 816 1745 pro
831 1706 968 1743 parvo,
990 1700 1027 1730 et
1052 1691 1251 1730 abutimur

119 1747 247 1786 verbis
264 1747 507 1799 propinquis,
528 1748 561 1786 si
579 1761 677 1800 opus
697 1755 767 1797 est,
787 1749 849 1786 vel
868 1747 973 1800 quod
992 1747 1167 1791 delectat,
1189 1745 1251 1784 vel

120 1801 227 1853 quod
254 1802 373 1840 decet.
412 1802 524 1850 Jam,
553 1815 644 1841 cum
672 1803 870 1841 fluxerunt
898 1803 1029 1854 plures
1058 1801 1252 1840 eontinuae

119 1856 354 1905 tralationae,
374 1857 451 1895 alia
473 1858 590 1909 plane
616 1858 662 1896 fit
689 1857 821 1896 oratio.
862 1857 1004 1909 Itaque
1028 1868 1152 1908 genus
1179 1855 1251 1893 hoc

122 1909 251 1950 Graeci
271 1911 470 1963 appellant
499 1919 744 1961 Αλληγοριαν,
771 1912 930 1951 nomine
954 1919 1082 1957 recte3
1113 1923 1252 1962 genere

121 1965 263 2004 melius
280 1965 360 2014 ille,
381 1966 452 2017 qui
468 1966 542 2005 ista
560 1967 692 2005 omnia
710 1967 976 2006 translationes
994 1972 1115 2005 vocat.
1153 1965 1251 2002 Haec

119 2018 342 2071 frequentat
361 2020 571 2060 Phalereus
595 2021 782 2070 maxime,
810 2030 978 2074 suntque
1003 2019 1250 2059 dulcissima:

118 2080 174 2122 et,
195 2087 437 2126 quamquam
454 2076 653 2115 translatio
671 2084 727 2115 351
741 2077 847 2128 apud
861 2089 952 2115 eum
966 2075 1105 2123 multa,
1121 2082 1253 2112 tamen

121 2127 413 2167 immutationes
429 2141 624 2192 nusquam
643 2132 860 2170 crebriores.

104 2206 110 2209 -
179 2183 229 2222 In
247 2183 353 2222 idem
371 2196 495 2234 genus
512 2185 694 2224 orationis
713 2186 868 2238 (loquor
887 2185 1004 2224 enim.
1017 2184 1065 2223 de
1083 2182 1151 2221 illa
1168 2194 1254 2220 mo-

104 2235 214 2276 -dioe
226 2250 275 2277 ac
293 2238 526 2290 temperata)
545 2241 751 2280 verborum
776 2240 921 2280 cadunt
939 2239 1091 2278 lumina
1107 2236 1253 2284 omnia,

181 2293 353 2337 (Rhetor
353 2299 384 2342 .)
405 2303 433 2330 1
439 2304 511 2332 οι.
536 2305 586 2333 11.
891 2305 921 2331 D
