1456 2396
283 70 771 122 ADHERENNIUM,
794 71 894 112 Lm.
915 71 991 113 IV.
1013 72 1120 113 CAP.>
1141 73 1207 119 27.
1236 74 1318 114 235

183 193 313 221 comes
334 181 491 231 invidia,
511 195 599 234 quae
616 183 735 220 bonos
752 181 961 234 insequeris
983 183 1227 236 plerumque,
1256 192 1315 224 at-

186 249 266 288 que
288 236 382 274 adeo
405 237 596 275 insectaris
611 237 654 274 !”
684 237 958 276 commovetur
981 238 1054 276 hoc
1076 251 1213 290 genere
1230 239 1314 276 ani-

182 302 276 328 mus
293 291 486 330 auditoris.
517 291 596 330 Res
614 291 731 338 enim,
752 292 950 330 communi
969 294 1083 331 verbo
1098 294 1210 341 elata,
1226 301 1313 332 tan-

182 345 388 383 -tummodo
412 345 512 385 dicta
535 346 708 384 videtur:
739 354 797 384 ast
821 359 877 393 ea,
902 354 990 398 post
1012 347 1131 398 ipsius
1156 348 1314 386 oratoris

183 400 467 448 correctionem,
486 401 610 453 magis
627 400 763 438 idonea
787 400 831 438 fit
855 402 1173 452 pronuntiatione.
1218 403 1313 441 Non

183 453 303 505 igitur
327 456 445 494 satius
469 463 578 503 esset,
603 455 701 494 dicet
719 455 872 507 aliquis,
893 457 941 493 ab
959 456 1081 503 initio,
1101 457 1311 508 praesertim

185 521 277 548 cum
307 510 459 556 scribas,
490 510 540 548 ad
568 511 759 561 optimum
786 518 823 548 et
855 510 1124 549 electissimum
1148 513 1310 550 verbum

183 563 390 604 devenire?
418 564 505 613 Est,
537 577 627 603 cum
655 577 733 603 non
758 572 814 602 est
839 565 969 611 satius,
1002 566 1033 603 si
1062 567 1311 605 commutatio

181 619 290 657 verbi
318 619 359 657 id
387 619 457 658 erit
486 619 802 667 demonstratura,
830 620 1019 669 ejusmodi
1036 633 1117 658 rem
1137 633 1228 669 esse,
1249 629 1308 670 ut,

179 685 270 713 cum
296 686 382 712 fflm
409 674 607 712 communi
635 676 749 713 verbo
779 674 996 726 appellaris,
1023 674 1144 712 levius
1170 675 1310 714 dixisse

178 727 365 776 videaris3
395 741 484 768 cum
503 729 552 767 ad
570 729 725 768 electius
743 731 904 768 verbum
929 729 1097 776 accedas,
1124 729 1307 781 insignio-

178 795 262 821 rem
279 795 361 822 rem
378 783 518 823 facias:
544 784 649 836 quod
667 784 698 822 si
717 784 896 822 continuo
915 784 1078 822 venisses
1096 783 1146 821 ad
1163 784 1204 822 id
1223 798 1306 823 ver-

177 838 289 885 bum,
309 850 378 877 nec
395 839 450 877 rei
467 851 537 877 nec
554 839 659 877 verbi
677 839 800 890 gratia
818 838 1080 877 animadversa
1098 847 1204 877 esset.

232 892 418 932 XXVII.
439 892 652 945 occupatio
671 902 739 941 est,
756 907 846 932 cum
866 894 1042 940 dicimus,
1063 905 1132 931 nos
1149 901 1304 945 praeter-

170 947 242 997 ire,
272 955 340 986 aut
368 960 446 986 non
476 948 581 996 scire,
613 956 680 987 aut
704 949 806 987 nolle
842 948 964 987 dicere
999 949 1054 996 id,
1082 948 1186 1000 quod
1211 956 1305 988 tunc

169 1002 340 1042 maxime
357 1002 534 1053 dicimus,
553 1003 626 1042 hoc
643 1003 782 1042 modo:
807 1006 835 1026 ‘⁶
855 1004 963 1042 Nam
978 1004 1025 1042 de
1038 1003 1202 1056 pueritia
1217 1004 1303 1056 qui-

172 1057 263 1096 dem
281 1058 364 1106 tua,
384 1070 503 1110 quam
522 1066 565 1096 tu
584 1059 690 1096 omni
708 1058 1011 1110 intemperantiae
1029 1058 1222 1106 addixisti,
1243 1059 1303 1097 di-

174 1125 313 1162 cerem,
333 1112 385 1151 sic
402 1113 474 1152 hoc
487 1121 639 1165 tempus
657 1113 838 1152 idoneum
857 1122 1058 1166 putarem:
1089 1126 1193 1152 nunc
1212 1126 1302 1152 con-

170 1167 272 1206 sulto
289 1167 476 1219 relinquo.
504 1167 560 1206 Et
578 1168 676 1206 illud
694 1177 888 1220 praetereo,
909 1168 1013 1221 quod
1028 1177 1065 1207 te
1083 1168 1228 1206 tribuni
1246 1169 1301 1207 rei

170 1222 345 1261 militm-is
362 1222 643 1275 infrequentem
662 1223 922 1262 tradiderunt:
945 1223 1095 1269 deinde,
1117 1223 1221 1275 quod
1239 1223 1299 1262 in·

166 1276 357 1327 juriarum
386 1277 595 1316 satisfecisti
620 1277 668 1315 L.
690 1278 877 1327 Labeoni,
898 1278 996 1316 nihil
1015 1278 1064 1316 ad
1082 1291 1162 1316 rem
1182 1279 1299 1330 perti-

164 1343 255 1370 nere
279 1339 385 1384 puto.
427 1332 583 1370 Horum
608 1332 705 1370 nihil
723 1332 832 1371 dico:
862 1342 1028 1372 revertor
1047 1333 1097 1371 ad
1114 1333 1227 1382 illud,
1248 1333 1296 1372 de

165 1399 245 1439 quo
271 1386 462 1436 judicium
488 1395 554 1426 est.
559 1387 584 1404 '⁹
628 1387 745 1435 Item,
777 1390 805 1411 ‘¹‘
826 1388 920 1427 Non
946 1388 1030 1426 dico
1054 1396 1092 1426 te
1115 1389 1164 1426 ab
1190 1388 1298 1427 sociis

163 1441 344 1493 pecunias
369 1441 577 1493 accepisse·
609 1454 686 1480 non
710 1455 796 1481 sum
814 1443 856 1481 in
876 1456 920 1481 eo
938 1451 1157 1495 occupatus,
1189 1443 1294 1494 quod

163 1496 346 1545 civitates,
366 1509 497 1548 regna,
519 1496 652 1536 domos
669 1497 844 1536 omnium
864 1498 1110 1550 depeculatus
1129 1510 1191 1536 85·
1212 1497 1295 1536 fur-

163 1558 217 1599 ta,
234 1551 386 1603 rapinas
400 1559 485 1590 tuas
499 1564 646 1600 omnes,
666 1552 843 1591 omitto.''
873 1553 971 1591 Haec
989 1552 1093 1590 utilis
1111 1560 1167 1590 est
1185 1565 1294 1591 exor-

160 1606 284 1654 natio,
305 1606 337 1644 si
355 1614 422 1644 aut
441 1619 536 1655 rem,
557 1620 676 1658 quam
695 1619 771 1645 non
787 1607 972 1660 pertineat
986 1607 1070 1646 aliis
1083 1607 1292 1657 ostendere,

161 1662 309 1700 occulte
333 1661 575 1700 admonuisse
600 1661 765 1714 prodest,
793 1670 861 1700 aut
886 1663 917 1700 si
942 1662 1102 1714 longum
1128 1671 1198 1710 est,
1224 1671 1293 1701 aut

161 1715 344 1767 ignobile,
375 1723 442 1754 aut
466 1716 629 1767 planum
648 1729 724 1754 non
743 1725 866 1769 potest
885 1717 979 1763 fieri,
1001 1726 1067 1756 aut
1087 1717 1198 1755 facile
1222 1731 1291 1769 po-

160 1777 235 1809 test
263 1770 513 1823 reprehendi;
543 1779 588 1809 ut
612 1772 745 1810 utilius
771 1772 819 1810 sit
843 1773 989 1810 occulte
1013 1771 1143 1810 fecisse
1168 1773 1292 1824 suspi-

157 1825 320 1873 cionem,
351 1838 470 1878 quam
493 1825 718 1876 hujusmodi
735 1826 940 1866 intendisse
957 1827 1181 1877 orationem,
1202 1841 1291 1879 quae

158 1879 420 1931 redarguatur.

215 1934 434 1984 Disjunctio
463 1943 532 1985 aet,
563 1949 654 1975 cum
684 1949 832 1984 eorum,
865 1936 913 1976 de
938 1936 1080 1990 quibus
1109 1936 1287 1987 dicimus,

158 1996 228 2028 aut
246 1996 470 2042 utrumque,
496 1998 563 2029 aut
588 1992 908 2044 unumquodque,
930 2000 1030 2031 certo
1049 1991 1288 2030 concluditur

153 2045 283 2092 verbo,
311 2043 387 2083 sic:
421 2046 449 2067 ‘⁶
470 2045 645 2097 Populus
671 2047 874 2086 Romanus
900 2047 1159 2086 Numantiam
1184 2046 1287 2084 dele-

156 2099 236 2137 vit·
225 2127 237 2144 ,
261 2098 535 2150 Carthaginem
549 2101 729 2148 sustulit,
752 2101 984 2140 Corinthum
1000 2101 1170 2151 disjecit;
1192 2100 1286 2139 Fre-

156 2153 276 2205 gellas
294 2154 438 2193 evertit·
478 2154 590 2193 Nihil
610 2155 862 2195 Numantinis
882 2157 977 2195 uires
992 2155 1160 2218 corporis
1175 2156 1287 2193 auxi-

156 2209 257 2248 liatae
277 2216 391 2255 sunt3
422 2208 519 2249 nihil
538 2210 918 2262 Carthaginiensibus
938 2211 1092 2255 scientia
1110 2210 1164 2249 rei
1182 2210 1286 2249 mili-
