1466 2458
434 105 696 155 ORATOR,
715 74 833 146 ‘effi
861 107 921 151 17.
1196 105 1246 142 15

114 216 274 257 locando
293 229 494 256 summum
513 231 592 257 esse
610 225 800 256 oratorem
820 215 987 260 vellem3
1010 214 1075 254 sed
1089 214 1131 253 id
1144 213 1243 252 mihi

114 282 284 325 quaerere
307 272 500 320 videbare,
527 272 634 325 qued
659 285 779 324 genus
806 271 927 324 ipsius
946 270 1126 309 orationis
1145 268 1246 321 opti-

114 339 228 365 mum
250 327 477 378 judicarem.
508 328 611 366 Rem
637 327 834 366 difficilem
854 326 941 370 (Dii
960 324 1198 364 immortales
1214 323 1244 369 Ξ)

115 388 231 434 atque
249 383 426 420 omnium
447 381 741 421 difficillimam!
775 381 897 429 Nam,
927 394 1016 419 cum
1044 388 1099 418 est
1126 379 1247 418 oratio

118 437 247 475 mollis
274 443 312 476 et
337 444 481 487 tenera,
511 445 548 476 et
574 438 629 475 ita
647 437 841 484 flexibilis,
862 444 907 475 ut
927 441 1122 487 sequatur,
1150 446 1248 486 quo-

117 503 286 544 cumque
304 499 508 545 torqueas;
538 500 624 530 tum
652 500 689 531 et
716 499 865 530 naturae
890 491 1019 538 variae,
1047 497 1083 528 et
1112 490 1270 527 volun-⁴

118 552 240 593 tate83
270 547 443 585 multum
473 547 573 586 inter
603 561 642 586 se
668 547 849 586 distantia
879 546 1086 585 effecerunt
1111 557 1252 595 genera

117 600 281 640 dicendi.
311 602 480 641 Flumen
496 602 579 641 aliis
594 604 814 647 verborum,
831 600 1130 652 volubilitasque
1145 598 1249 637 cordi

119 662 189 704 est,
217 656 286 708 qui
311 665 463 710 ponunt
489 657 529 695 in
556 657 737 696 orationis
764 657 955 696 celeritate
974 653 1248 707 eloquentiam.

121 709 317 761 Distineta
341 712 436 751 alios
463 719 500 750 et
527 712 773 765 interpuncta
796 711 1013 756 intervalla,
1040 722 1175 754 morae,
1195 721 1256 746 re-

122 765 438 820 spirationesque,
466 766 669 806 delectant.
711 766 820 816 Quid
846 774 970 819 potest
990 778 1070 804 esse
1088 771 1170 802 tam
1196 763 1256 801 di-

121 824 310 860 versum?
339 830 470 862 tamen
504 830 560 861 est
593 822 634 861 in
668 829 833 875 utroque
870 819 1019 873 aliquid
1053 818 1255 858 excellens.

122 874 339 916 Elaborant
369 877 436 916 alii
463 877 504 916 in
532 878 689 917 lenitate
719 885 756 916 et
786 876 1062 930 aequabilitate,
1093 881 1130 912 et
1159 886 1258 926 puro

123 931 234 982 quasi
253 931 425 984 quodam
444 940 481 971 et
500 932 663 972 candido
682 945 821 984 genere
840 930 1003 970 dicendi.
1048 929 1164 978 Ecce,
1186 928 1257 967 ali-

120 985 191 1037 qui
205 986 412 1026 duritatem
427 994 465 1026 et
480 988 718 1026 severitatem
732 987 946 1040 quamdam
961 985 1100 1033 verbis,
1116 992 1152 1023 et
1172 997 1257 1022 ora-

121 1041 237 1080 tionis
255 1041 366 1094 quasi
391 1043 630 1090 moestitiam,
659 1049 900 1094 sequuntur;
932 1040 1114 1093 quodque
1139 1039 1258 1092 paulo

121 1102 212 1135 ante
237 1096 454 1146 divisimus,
481 1105 526 1136 ut
552 1097 619 1136 alii
637 1111 786 1149 graves,
807 1097 874 1135 alii
893 1105 1042 1143 tenues,
1069 1095 1135 1133 alii
1155 1102 1254 1132 tem-

121 1150 244 1202 perati
276 1152 419 1191 vellent
450 1152 598 1199 videri3
629 1160 726 1205 quot
757 1152 976 1191 orationum
1007 1163 1149 1203 genera
1178 1162 1258 1188 esse

121 1204 308 1253 diximus,
327 1207 490 1246 totidem
509 1214 706 1247 oratorum
726 1207 983 1260 reperiuntur.

175 1260 322 1300 XVII.
362 1261 432 1311 Et,
462 1263 649 1315 quoniam
679 1263 774 1315 coepi
804 1263 888 1312 jam
918 1259 1154 1301 cumulatius
1185 1258 1258 1297 hoc

124 1327 269 1354 munus
288 1329 442 1369 augere,
464 1330 584 1369 quam
603 1330 626 1355 a
644 1324 682 1356 te
693 1317 932 1370 postulatum
945 1323 1014 1364 est,
1034 1315 1122 1360 (tibi
1137 1314 1257 1357 enim,

124 1377 279 1409 tantum
302 1371 350 1410 de
363 1372 544 1411 orationis
562 1384 702 1424 genere
721 1372 923 1424 quaerenti,
944 1369 1123 1423 respondi
1143 1369 1259 1407 etiam

124 1425 292 1464 breviter
308 1425 357 1465 de
374 1426 605 1465 inveniendo
634 1434 671 1465 et
696 1426 935 1473 collocando)
962 1439 1011 1465 ne
1039 1423 1143 1463 nunc
1171 1423 1260 1476 qui-

126 1481 217 1520 dem
242 1481 370 1520 solum
396 1481 445 1520 de
469 1481 651 1521 orationis
676 1481 793 1520 modo
812 1481 954 1528 dicam,
983 1479 1049 1520 sed
1075 1479 1192 1518 etiam
1212 1477 1261 1517 de

126 1535 310 1575 actionis:
330 1535 396 1575 -ita
424 1536 680 1588 praetermissa
704 1550 794 1589 pars
820 1536 930 1574 nulla
960 1536 1054 1574 erit:
1086 1533 1263 1587 quando-

128 1590 289 1644 quidem
318 1590 368 1630 de
396 1587 586 1631 memoria
615 1591 713 1630 nihil
743 1598 800 1630 est
828 1591 901 1630 hoc
924 1587 1014 1630 loco⁴
1035 1588 1260 1637 dicendum,

129 1659 218 1698 quae
243 1646 461 1685 eommunis
487 1654 543 1686 est
561 1647 778 1685 multarum
798 1646 954 1685 artium.

185 1700 279 1750 Quo
307 1701 425 1740 modo
455 1710 587 1740 autem
618 1702 782 1749 dicatur,
813 1701 854 1739 id
880 1709 936 1740 est
960 1700 1001 1739 in
1028 1698 1195 1747 duobus,
1225 1697 1268 1736 in

132 1755 296 1808 agendo,
325 1763 363 1795 et
381 1756 422 1794 in
442 1757 671 1810 eloquendo.
707 1756 781 1795 Est
807 1755 911 1796 enim
931 1755 1029 1795 actio
1055 1754 1166 1807 quasi
1185 1766 1268 1792 σοι·-

132 1810 235 1865 poris
253 1811 434 1863 quaedam
455 1811 689 1865 eloquentia,
714 1824 804 1850 cum
831 1818 975 1850 constet
1001 1823 1022 1849 e
1041 1822 1132 1848 voce
1151 1815 1269 1860 atque

132 1872 256 1905 motu.
286 1865 405 1905 Vocis
430 1867 664 1905 mutationes
683 1865 845 1905 totidem
865 1874 970 1914 sunt,
998 1872 1094 1918 quot
1120 1864 1270 1902 animo-

134 1933 239 1968 rum,
268 1921 338 1973 qui
366 1921 540 1961 maxime
565 1934 656 1961 voce
683 1929 988 1960 commoventur.
1038 1920 1058 1958 I
1062 1928 1179 1972 taque
1203 1918 1270 1956 ine

133 1975 340 2027 perfectus,
374 1989 494 2028 quem
523 1976 759 2027 jamdudum
793 1983 924 2015 nostra
955 1974 1100 2013 indicat
1132 1972 1269 2020 oratio,

133 2037 349 2083 utcumque
378 2044 418 2070 se
448 2030 631 2071 affectum
662 2031 784 2070 videri
811 2037 848 2070 et
873 2030 1051 2069 animum
1081 2026 1273 2067 audientis

134 2085 283 2124 moveri
301 2086 418 2133 volet,
438 2086 494 2125 ita
512 2094 660 2125 certum
679 2086 782 2126 vocis
803 2085 1024 2125 admovebit
1038 2095 1202 2123 sonum:
1226 2080 1274 2119 de

136 2152 216 2192 quo
240 2140 356 2192 plura
373 2140 555 2190 dicerem,
576 2141 608 2180 si
625 2142 700 2180 hoc
717 2140 966 2193 praecipiendi
987 2148 1141 2191 tempus
1160 2143 1272 2182 esset,

137 2199 206 2232 aut
219 2194 393 2234 situhoc
413 2207 626 2248 quaereres:
649 2195 817 2234 dicerem
837 2196 955 2234 etiam
975 2195 1022 2233 de
1041 2200 1167 2245 gestu,
1183 2203 1275 2230 cum

138 2261 217 2301 quo
239 2249 399 2300 junctus
425 2258 482 2290 est
508 2251 664 2289 vultus:
697 2250 840 2302 quibus
870 2249 1067 2297 omnibus,
1098 2247 1174 2286 dici
1206 2245 1274 2285 vix
