1456 2396
274 78 353 120 DE
382 78 632 130 FINIBUS,
663 81 764 120 Lm.
785 81 845 120 11.
870 81 978 121 Cn».
998 82 1063 121 25.
1146 84 1233 123 409

104 187 193 241 deu]
210 188 326 228 vidos.
357 189 422 228 Ne
432 189 473 227 in
487 189 620 229 odium
635 190 803 239 veniam,
819 191 850 229 si
863 190 1030 230 amicum
1050 190 1233 230 destitero

103 243 216 282 tueri.
246 243 426 282 Primum
443 257 512 283 cur
529 244 602 283 ista
620 258 679 283 res
698 246 816 297 digna
834 246 920 284 odio
940 255 1010 293 est,
1030 245 1105 283 nisi
1123 246 1229 297 quod

102 305 161 336 est
192 298 350 349 turpis?
380 298 499 346 Quod
531 299 576 347 si,
603 311 652 337 ne
675 313 752 351 quo
776 300 1020 338 incommodo
1045 300 1226 347 afficiare,

101 363 180 390 non
199 352 392 405 relinques
411 353 606 398 amicum3
628 361 773 402 tamen,
786 367 835 393 ne
854 355 934 392 sine
945 354 1072 392 fructu
1093 355 1230 405 alliga-

102 413 166 445 tus
185 406 250 453 sis,
269 414 315 445 ut
332 407 533 454 moriatur,
553 407 713 458 optabis.
744 408 862 456 Quod
878 409 910 447 si
923 421 1000 447 non
1014 408 1130 446 modo
1149 409 1229 446 uti-

99 461 250 500 litatem
268 460 340 501 tibi
357 461 508 500 nullam
527 461 671 509 afferet,
692 462 756 500 sed
772 464 932 512 jacturae
955 463 1010 501 rei
1027 463 1228 501 familiaris

101 523 215 555 erunt
232 515 428 564 faciendae,
452 516 601 554 labores
626 517 868 568 suscipiendi,
889 517 1112 556 adeundum
1138 517 1227 556 vitae

98 569 316 623 periculum
333 584 345 617 ;
365 582 414 608 110
432 577 517 608 111111
531 570 687 622 quidem
708 579 745 609 te
764 572 951 623 respicies,
969 579 1006 609 et
1023 571 1223 623 cogitabis,

100 623 175 663 sibi
203 637 398 677 quemque
429 632 566 663 natum
603 637 697 673 esse,
737 633 774 664 et
810 626 888 664 suis
925 626 1212 687 voluptatibus.
1202 628 1220 654 9

98 678 254 718 Vadem
279 686 317 718 te
341 678 391 717 ad
417 687 581 717 mortem
607 687 770 730 tyranno
788 679 898 718 dabis
928 693 998 732 pro
1023 680 1160 727 amico,
1180 688 1226 719 ut

95 733 363 795 Pythagoreus
380 733 445 771 ille
462 733 551 772 fecit
578 734 708 772 Siculo
727 737 921 786 tyranno?
952 742 1033 784 aut,
1056 733 1224 796 Pylades

96 800 185 827 cum
206 787 272 836 sis,
292 787 392 826 (11οω
411 795 448 826 10
467 800 545 826 0550
564 787 757 835 Orestem,
785 796 829 826 ut
847 789 1009 827 moriare
1028 802 1097 841 pro
1122 789 1221 827 ami-

95 844 176 882 co?
205 850 287 890 aut,
307 843 338 881 si
357 855 454 881 esses
473 842 642 891 Orestes,
670 842 859 894 Pyladem
878 843 1080 892 refelleres,
1101 850 1138 882 te
1157 844 1218 882 in-

91 896 262 936 dimres.
252 899 270 925 9
313 904 364 944 et,
397 897 429 935 si
462 896 503 935 id
527 909 605 935 non
632 898 826 949 probares,
861 897 1068 949 quominus
1104 899 1220 938 ambo

91 951 173 990 una
193 951 439 1000 necaremini,
471 950 588 1004 [non]
613 965 832 1003 precarere.
824 954 841 979 9

145 1006 284 1045 XXV.
313 1006 472 1045 Faceres
491 1012 533 1044 tu
553 1006 725 1058 quidem,
739 1007 951 1059 Torquate,
967 1007 1049 1046 haec
1060 1007 1215 1046 omnia:

91 1059 191 1100 nihil
215 1060 318 1100 enim
347 1061 508 1099 arbitror
536 1073 680 1113 magna
701 1061 816 1100 laude
846 1061 1024 1113 dignum,
1055 1062 1160 1114 quod
1178 1070 1218 1101 te

89 1115 437 1168 praetermissurum
456 1114 607 1154 credam
622 1124 691 1154 aut
703 1116 836 1154 mortis
854 1123 922 1154 aut
936 1116 1075 1155 doloris
1094 1126 1215 1155 metu.

91 1171 135 1209 N
134 1182 185 1209 on
199 1170 384 1223 quaeritur
398 1177 542 1218 autem,
558 1170 653 1222 quid
666 1177 814 1208 naturae
828 1178 904 1208 tuae
916 1179 1215 1210 consentaneum

93 1224 156 1274 sit,
175 1224 240 1264 sed
262 1224 358 1278 quid
375 1224 596 1276 disciplinae.
628 1224 746 1263 Ratio
775 1225 847 1264 ista
879 1238 995 1277 quam
1023 1225 1211 1274 defendis,

93 1286 283 1332 praecepta
301 1293 389 1331 quae
407 1279 585 1328 didicisti,
606 1293 694 1331 quae
719 1281 871 1331 probas,
901 1279 1077 1318 funditus
1107 1293 1214 1319 ever-

92 1341 182 1373 tunt
199 1334 434 1380 amicitiam3
465 1335 642 1386 quamvis
661 1347 747 1373 eam
759 1334 967 1386 Epicurus,
987 1341 1032 1373 ut
1044 1334 1149 1383 facit,
1170 1335 1212 1373 in

89 1389 230 1428 coelum
261 1388 392 1427 efferat
423 1389 616 1428 laudibus.
657 1389 717 1427 At
748 1389 866 1428 coluit
896 1390 978 1441 ipse
1008 1389 1210 1428 amicitias.

91 1442 216 1492 Quasi
234 1443 321 1496 quis
338 1443 452 1482 illurn
472 1451 585 1495 neget
603 1450 641 1482 et
658 1445 805 1482 bonum
825 1443 967 1489 virum,
989 1453 1026 1482 et
1045 1456 1210 1492 comem,

86 1505 125 1537 et
142 1497 360 1537 humanum
377 1497 508 1537 fuisse.
537 1498 600 1537 De
618 1498 772 1549 ingenio
790 1499 873 1548 ejus
899 1498 940 1536 in
959 1498 1020 1536 his
1038 1498 1212 1550 disputa-

88 1552 272 1601 tionibus,
292 1564 370 1591 non
389 1552 437 1591 de
454 1553 640 1601 moribus,
657 1552 854 1605 quaeritur.
884 1552 1028 1592 sitista
1042 1553 1083 1590 111
1100 1553 1210 1591 Grae-

84 1619 218 1647 eorum
235 1606 389 1646 levitate
406 1607 644 1659 perversitas,
661 1607 729 1659 qui
746 1607 960 1646 maledictis
977 1607 1212 1646 insectantur

84 1674 162 1710 eos,
188 1675 212 1700 a
230 1661 372 1714 quibus
390 1662 438 1701 de
463 1662 619 1701 veritate
643 1662 884 1701 dissentiunt.
914 1661 1004 1710 Sed,
1032 1662 1211 1714 quamvis

85 1715 204 1755 comis
222 1717 264 1755 in
283 1716 459 1755 amicitiis
481 1716 633 1755 tuendis
653 1716 782 1765 fuerit,
803 1723 948 1765 tamen,
969 1716 1001 1755 si
1018 1716 1101 1756 haec
1119 1729 1210 1755 vera

84 1778 176 1810 sunt
195 1771 310 1815 (nihil
328 1771 431 1810 enim
451 1770 635 1821 affirmo),
656 1783 733 1809 non
749 1771 838 1809 satis
857 1779 990 1810 acutus
1009 1770 1096 1809 fuit.

137 1825 198 1864 At
225 1825 360 1864 multis
382 1839 421 1864 se
445 1826 634 1877 probavit,
661 1833 698 1864 et
723 1825 883 1877 quidem
906 1826 996 1875 jure
1020 1826 1178 1864 fortasse
1192 1840 1204 1864 ε

82 1879 149 1918 sed
167 1887 297 1919 tamen
321 1892 399 1918 non
417 1880 687 1931 gravissimum
708 1887 763 1918 est
788 1880 1052 1918 testimonium
1071 1880 1208 1917 multi-

80 1933 236 1973 tudinis.
266 1934 317 1972 In
335 1934 443 1972 omni
474 1934 578 1973 enim
601 1943 695 1982 arte,
727 1935 788 1972 vel
814 1934 956 1982 studio,
986 1934 1047 1972 vel
1072 1933 1207 1985 quavis

81 1988 252 2037 scientia,
271 1996 317 2027 ut
333 1988 374 2026 in
392 1987 476 2040 ipsa
499 1988 654 2038 virtute,
674 1988 866 2041 optimum
892 1988 1064 2040 quidque
1091 1988 1206 2026 raris-

79 2042 235 2082 simum,
266 2044 327 2082 Ac
354 2043 454 2081 mihi
484 2042 658 2095 quidem,
689 2043 794 2095 quod
825 2050 862 2081 et
885 2043 967 2094 ipse
990 2044 1113 2081 bonus
1144 2042 1203 2080 vir

75 2096 165 2143 fuit,
186 2104 224 2136 et
251 2096 368 2136 multi
388 2096 570 2149 Epicurei
592 2097 766 2165 fuerunt,
785 2104 823 2136 et
840 2096 954 2135 hodie
980 2104 1084 2145 sunt,
1105 2104 1143 2135 et
1161 2096 1203 2135 in

74 2150 252 2190 amicitiis
269 2151 414 2198 fideles,
431 2151 519 2190 etin
534 2151 642 2190 omni
660 2152 739 2190 vita
757 2158 985 2199 constantes,
1002 2158 1038 2189 et
1049 2163 1198 2203 graves,

74 2215 145 2244 nec
161 2206 374 2258 voluptate,
397 2206 464 2245 sed
492 2205 630 2256 officio,
656 2205 813 2246 consilia
831 2205 1098 2252 moderantes;
1128 2204 1201 2246 hoc

128 2258 322 2312 (Philos.)
343 2271 450 2299 vm„
471 2271 522 2299 11.
741 2305 746 2310 ,
845 2263 870 2298 2
892 2271 924 2298 N
