1456 2396
171 82 254 144 AD
283 80 661 132 HERENNIUM,
684 81 781 121 Lm.
804 80 886 123 111.
907 81 1011 121 CAP.
1032 82 1069 120 2.
1103 81 1178 122 189

65 190 182 240 modi,
202 198 261 239 ut,
280 191 374 243 quid
393 190 632 242 potissimum
651 190 868 228 faciendum
887 190 948 239 sit,
970 189 1178 229 considere-

65 252 139 283 tur.
185 246 330 283 Utrum
355 245 496 296 potius,
519 245 591 283 hoc
616 245 757 283 modo:
796 244 987 296 Carthago
1011 244 1181 283 tollenda

64 311 115 337 an
146 299 397 350 relinquenda
428 299 600 336 videatur
614 300 632 336 Ρ
679 297 788 345 Quid
817 299 1072 349 potissimum,
1107 298 1179 336 hoc

63 359 200 404 pacto:
230 359 275 390 ut
292 353 324 391 si
343 352 542 390 Hannibal
561 353 761 399 consultet,
782 365 871 390 cum
890 366 938 390 ex
951 353 1065 391 Italia
1085 352 1180 390 Car-

63 406 260 457 thaginem
286 407 496 454 arcessitur,
517 406 557 443 in
585 405 699 443 Italia
724 413 929 454 remaneat,
951 419 1000 444 an
1019 406 1178 444 domum

63 460 204 508 redeat,
225 473 288 507 an,
309 461 349 498 in
369 460 586 511 JEgyptum
606 460 809 511 profectus,
831 468 987 511 occupet
1006 461 1181 498 Alexan-

63 513 210 552 driam.
201 516 219 542 ‘³
266 514 368 552 Item
393 513 679 552 deliberationae
704 514 843 565 partim
862 514 954 565 ipsae
972 522 1124 565 propter
1143 527 1181 552 se

65 568 326 606 consultandae
353 575 466 613 sunt3
496 575 554 615 ut,
576 568 607 606 si
625 568 839 606 deliberet
825 576 991 615 senatuS,
1014 568 1138 619 captiv
1139 582 1180 606 os

63 622 112 659 ab
138 621 310 660 hostibus
336 622 511 670 redimat,
532 634 580 659 an
609 624 719 660 non?
747 622 901 672 partim,
931 631 1085 672 propter
1111 623 1180 659 ali-

62 686 181 726 quam
200 683 420 714 extraneam
445 689 613 719 causam,
633 676 792 714 veniunt
810 676 850 713 in
869 675 1179 713 deliberationem

64 735 102 766 et
127 730 467 775 consultationem;
497 736 541 768 ut
559 730 591 768 si
608 730 789 767 deliberet
808 737 960 768 senatus
978 730 1080 767 bello
1100 730 1180 767 Ita-

63 782 150 830 lico,
177 784 346 822 solvatne
369 784 518 835 legibus
541 784 773 835 Scipionem,
794 791 838 821 ut
858 796 946 822 eum
965 784 1075 822 liceat
1094 791 1182 821 ante

64 843 216 887 tempus
241 838 437 876 consulem
462 838 577 877 fieri?
607 838 756 876 Partim
784 845 821 876 et
847 844 1001 889 propter
1029 850 1067 875 se
1093 845 1184 875 sunt

64 889 331 939 deliberandae,
346 898 382 930 et
400 892 523 942 magis
541 899 695 943 propter
713 899 933 929 extraneam
947 904 1101 929 causam
1120 904 1183 929 ve-

64 943 177 982 niunt
195 944 235 982 in
250 946 564 984 consultationem
580 961 592 994 3
622 953 666 984 ut
680 945 711 983 si
725 946 906 984 deliberet
921 953 1072 984 senatus
1081 946 1186 983 bello

66 997 216 1048 Italico,
248 1000 355 1037 sociis
387 999 580 1037 civitatem
609 1000 686 1047 det,
718 1012 767 1037 an
795 1012 872 1038 non
886 1002 904 1038 1>
964 999 1015 1037 In
1043 999 1184 1050 quibus

64 1053 186 1091 causis
204 1052 259 1090 rei
276 1061 414 1091 natura
430 1053 543 1091 faciet
561 1054 886 1102 deliberationem,
913 1053 1039 1091 omnis
1065 1053 1184 1091 oratio

65 1106 115 1143 ad
133 1106 256 1157 ipsam
275 1120 357 1145 rem
376 1108 734 1146 accommodabitur.
766 1107 815 1145 In
835 1107 975 1158 quibus
1004 1114 1184 1145 extranea

65 1172 179 1198 causa
208 1161 379 1199 conficiet
403 1161 728 1210 deliberationem,
748 1161 789 1199 in
810 1161 870 1200 his
896 1174 940 1199 ea
965 1161 1048 1212 ipsa
1073 1174 1185 1199 causa

65 1213 138 1251 erit
155 1213 392 1265 adaugenda,
409 1222 476 1253 aut
495 1215 754 1266 deprimenda.
785 1215 956 1253 Omnem
975 1215 1185 1253 orationem

67 1280 214 1315 eorum,
235 1269 303 1320 qui
328 1268 555 1307 sententiam
580 1269 719 1330 dicent,
746 1269 864 1307 finem
892 1269 964 1307 sibi
991 1269 1188 1307 conveniet

67 1321 168 1358 utili
157 1321 240 1360 atis
258 1335 481 1373 proponere,
497 1329 541 1360 ut
559 1323 683 1361 omnis
701 1336 744 1361 eo
762 1323 878 1361 totius
896 1322 1074 1360 orationis
1092 1322 1188 1361 ratio

66 1375 292 1413 conferatur.
331 1376 515 1414 Utilitas
504 1389 545 1414 m
564 1376 660 1414 duas
677 1383 802 1428 partes
820 1377 861 1414 in
880 1376 982 1414 civili
996 1377 1185 1414 consulta-

68 1429 171 1467 tione
188 1429 384 1477 dividitur,
405 1437 543 1477 tutam,
566 1438 604 1468 et
621 1430 832 1469 honestam.
875 1430 983 1468 Tuta
1009 1438 1077 1477 est,
1099 1444 1187 1481 quae

67 1483 218 1521 conficit
231 1483 405 1522 instantis
424 1491 492 1522 aut
510 1485 773 1535 consequentis
787 1484 946 1536 periculi
964 1484 1185 1522 vitationem

67 1537 241 1588 quissibet
259 1537 415 1576 ratione.
446 1538 543 1576 Haec
562 1538 801 1576 distribuitur
819 1538 859 1576 in
874 1538 953 1576 vim
969 1545 1006 1576 et
1025 1538 1157 1576 dolum
1172 1552 1185 1583 ς

67 1604 233 1642 quorum
265 1599 332 1630 aut
365 1592 528 1630 alterum
556 1592 774 1643 separatim,
795 1599 863 1630 aut
887 1599 1096 1643 utrumque
1123 1605 1187 1630 su-

66 1656 218 1684 memus
247 1646 494 1695 conjunctim.
549 1646 622 1685 Vis
651 1646 863 1685 decernitur
890 1659 958 1697 per
986 1646 1187 1693 exercitus,

66 1699 217 1748 classes,
251 1712 371 1747 arma,
401 1707 602 1748 tormenta,
637 1701 868 1739 evocationes
900 1700 1118 1748 hominum,
1150 1708 1188 1738 et

68 1752 161 1791 alias
179 1752 402 1804 hujusmodi
420 1767 489 1792 res.
538 1754 663 1792 Dolus
682 1754 919 1792 consumitur
942 1754 983 1791 in
1008 1753 1185 1805 pecunia,

67 1806 351 1858 pollicitatione,
371 1808 683 1855 dissimulatione,
699 1809 965 1855 maturatione,
978 1807 1186 1851 mentione,

70 1868 108 1898 et
125 1861 268 1899 caeteris
286 1864 413 1908 rebus,
433 1862 481 1900 de
499 1862 640 1913 quibus
658 1862 781 1912 magis
799 1862 934 1900 idoneo
949 1870 1117 1912 tempore
1131 1861 1188 1899 lo-

69 1927 247 1965 quemur,
267 1916 300 1953 si
317 1916 471 1967 quando
484 1916 532 1954 de
550 1929 591 1954 re
608 1916 778 1963 militari,
795 1924 862 1954 aut
880 1916 928 1954 de
946 1915 1188 1953 administra-

68 1969 171 2007 tione
189 1969 420 2020 reipublicae,
441 1970 600 2008 scribere
617 1971 801 2008 volemus.
831 1970 1005 2007 Honesta
1018 1983 1076 2007 res
1091 1969 1188 2007 divi-

71 2022 175 2060 ditur
193 2022 233 2060 in
252 2030 397 2061 rectum
417 2031 454 2061 et
471 2024 674 2062 laudabile.
704 2023 871 2062 Rectum
890 2031 959 2069 est,
980 2023 1084 2074 quod
1099 2034 1188 2060 cum

72 2076 211 2114 virtute
229 2084 266 2114 et
284 2076 406 2115 officio
423 2078 479 2116 fit.
510 2077 559 2115 Id
577 2077 759 2115 dividitur
776 2077 815 2115 in
831 2077 1088 2128 prudentiam,
1105 2077 1188 2125 jus-

73 2129 212 2176 titiam,
231 2129 508 2178 fortitudinem,
527 2131 765 2169 modestiam.
808 2131 1018 2169 Prudentia
1036 2138 1092 2168 est
1110 2130 1188 2167 cal-

71 2183 214 2234 liditas,
234 2196 321 2237 quae
338 2184 483 2224 ratione
500 2185 669 2237 quadam
688 2192 812 2237 potoet
832 2184 1022 2225 delectum
1049 2183 1188 2223 habere
