1456 2396
431 81 793 133 TOPICA‚CA12.
819 85 880 124 15.
1167 79 1222 140 35

90 186 160 238 qui
178 198 227 226 ex
246 186 566 238 disjunctionibus
584 196 783 227 constant,
814 197 883 227 aut
901 189 986 238 hoc,
1008 198 1078 229 aut
1093 190 1192 230 illud
1206 204 1218 228 ε

91 241 165 281 hoc
182 249 314 281 autem
327 257 340 280 ι
368 253 447 280 non
473 242 592 293 igitur
618 243 730 281 illud.
762 243 956 295 Itemque,
981 245 1067 288 hoc..
1088 253 1156 284 aut
1174 245 1224 283 il-

86 295 156 335 lud
172 310 184 335 =
214 308 293 335 non
304 303 435 335 autem
449 296 522 335 hoc
538 311 549 335 :
571 297 670 335 illud
683 297 814 348 igitur.
845 297 948 346 Quae
962 300 1223 338 conclusiones

85 350 227 390 idcirco
251 358 344 390 ratae
362 359 466 399 sunt,
487 351 594 403 quod
612 352 653 390 in
672 351 928 402 disjunctione
946 354 1036 405 plus
1056 367 1135 394 uno
1155 368 1221 393 ve-

85 417 176 445 rum
194 417 274 444 esse
291 417 370 444 non
388 413 527 457 potest.

138 460 277 512 Atque
301 472 350 499 ex
371 459 418 498 iis
442 460 763 510 conclusionibus,
792 475 889 513 quas
922 475 1038 514 supra
1071 463 1219 515 scripsi,

83 514 204 568 prior,
224 522 411 566 quartus;
441 515 640 566 posterior,
670 515 829 567 quintus
856 530 880 555 a
905 516 1111 556 dialecticis
1136 530 1224 556 mo-

85 569 160 609 dus
183 568 413 621 appellatur.
461 569 615 608 Deinde
641 570 789 608 addunt
812 571 1128 620 conjunctionum
1154 585 1221 611 ne-

83 623 272 676 gantiam,
291 623 346 662 sic
358 638 371 661 τ
401 623 495 662 Non
515 632 553 662 et
578 624 650 662 hoc
670 633 740 673 est,
762 632 800 663 et
817 625 916 663 illud
933 640 943 664 ε
974 626 1046 664 hoc
1065 635 1195 665 autem
1210 642 1222 665 z

84 691 165 718 non
182 678 302 730 igitur
326 677 438 717 illud.
481 678 560 717 Hic
585 679 724 718 modus
753 688 809 718 est
836 688 978 718 sextus.
1024 680 1222 732 Septimus

85 740 234 782 autem,
255 732 350 771 Non
370 740 408 771 et
425 733 513 780 hoc,
534 741 573 772 et
591 733 716 772 illud:
747 746 825 772 non
840 742 972 773 autem
990 735 1063 773 hoc
1080 749 1092 773 ε
1121 735 1222 773 illud

85 788 215 840 igitur.
244 786 311 826 Ex
329 786 390 826 his
405 787 530 826 modis
542 788 802 827 conclusiones
817 788 1117 828 'mnumerabiles
1132 802 1222 828 nas·

87 850 255 889 cuntur;
284 842 325 880 in
352 855 431 894 quo
459 849 515 881 est
540 842 619 881 fere
644 850 724 881 tota
752 843 958 882 dialectica.
990 844 1067 883 Sed
1092 857 1140 882 ne
1166 858 1221 883 eae

86 897 259 950 quidem,
294 910 391 950 quas
416 897 591 949 exposui,
613 897 662 936 ad
692 897 791 937 hanc
819 898 1101 938 institutionem
1130 907 1222 938 sunt

89 965 321 992 necessanae.

141 1006 351 1046 Proximus
369 1014 425 1046 est
439 1007 545 1045 locus
560 1020 689 1046 rerum
710 1006 972 1055 efficientium,
989 1021 1078 1060 quae
1097 1021 1222 1047 causae

86 1062 358 1115 appellantur;
389 1061 528 1100 deinde
546 1075 675 1101 rerum
697 1062 919 1101 effectarum
948 1064 997 1101 ab
1024 1063 1222 1102 efficienti-

86 1119 160 1156 bus
179 1116 312 1156 causis.
343 1116 500 1154 Harum
514 1117 707 1168 exempla,
725 1125 768 1155 ut
780 1117 1018 1170 reliquorum
1030 1118 1219 1164 locorum,

86 1172 204 1224 paulo
223 1179 311 1210 ante
329 1171 455 1223 posui,
476 1178 514 1210 et
532 1171 690 1224 quidem
710 1184 757 1210 ex
775 1172 862 1221 jure
889 1171 1016 1211 civili:
1048 1172 1114 1211 sed
1139 1173 1222 1212 haec

87 1234 221 1279 patent
238 1226 367 1264 latius.

142 1281 238 1320 XV.
269 1280 485 1319 Causarum
515 1280 634 1332 igitur
662 1293 802 1331 genera
827 1281 905 1319 duo
931 1288 1049 1319 sunt:
1080 1294 1220 1329 unum,

88 1336 194 1389 quod
213 1336 252 1375 vi
265 1335 336 1374 sua
353 1335 408 1382 id,
430 1335 534 1387 quod
549 1337 620 1374 sub
640 1336 686 1373 εὲι
705 1337 923 1385 subjectum
938 1343 1007 1383 est,
1025 1344 1126 1374 certo
1142 1337 1223 1375 effi-

88 1392 154 1439 cit,
174 1398 219 1429 ut
237 1390 337 1441 ignis
357 1390 555 1435 accendit;
587 1390 766 1435 alterum,
783 1390 888 1441 quod
907 1398 1086 1428 naturam
1106 1391 1223 1430 effici-

88 1446 179 1484 endi
198 1458 276 1484 non
295 1445 426 1493 habet,
448 1444 514 1483 sed
529 1445 610 1483 sine
628 1457 707 1496 quo
726 1443 824 1482 effici
842 1457 920 1483 non
940 1445 1084 1496 possit;
1115 1454 1174 1494 ut,
1191 1446 1223 1484 si

89 1500 177 1553 quis
197 1513 247 1539 aes
266 1512 422 1538 causam
441 1506 578 1538 statuae
597 1498 689 1538 velit
707 1498 845 1548 dicere,
862 1499 967 1551 quod
981 1499 1063 1538 sine
1082 1512 1126 1538 eo
1145 1513 1222 1539 non

89 1556 210 1608 possit
228 1554 338 1594 effici.

149 1610 284 1660 Hujus
309 1609 457 1660 generis
485 1621 702 1656 causarum,
728 1609 809 1648 sine
837 1621 915 1661 quo
940 1621 1019 1648 non
1045 1608 1222 1659 efficitur,

93 1665 170 1704 alia
188 1664 436 1716 sunt-quieta,
456 1663 555 1702 nihil
574 1664 740 1715 agentia,
757 1663 895 1702 stolida
909 1663 1224 1716 quodammodo;

94 1728 139 1759 ut
155 1721 276 1768 locus,
296 1726 465 1770 tempus,
485 1719 669 1767 materiae,
684 1718 931 1767 ferramenta,
953 1727 990 1757 et
1005 1726 1140 1757 caetera
1158 1733 1225 1771 ge·

95 1774 195 1814 neris
215 1773 413 1824 ejusdem3
444 1773 520 1811 alia
537 1781 668 1812 autem
692 1773 989 1825 praecursionem
1009 1774 1222 1825 quamdam

95 1830 279 1869 adhibent
306 1828 355 1867 ad
373 1828 631 1875 efficiendum,
661 1835 699 1866 et
717 1827 896 1879 quaedam
916 1828 1082 1866 afferunt
1099 1841 1168 1880 per
1186 1842 1226 1867 se

95 1883 331 1935 adjuvantia,
352 1883 424 1922 etsi
447 1895 525 1921 non
553 1883 775 1929 necessaria,
797 1889 841 1920 ut
860 1882 983 1921 amori
1009 1883 1225 1934 congressio

95 1952 250 1980 causam
269 1938 453 1985 attulerit,
474 1950 582 1976 amor
596 1937 753 1988 flagitio.
802 1936 868 1975 Ex
886 1936 959 1975 hoc
977 1949 1116 1989 genere
1135 1950 1227 1976 cau-

95 2006 240 2041 sarum,
272 2005 320 2031 ex
353 1992 562 2032 aeternitate
587 1991 853 2044 pendentium,
878 1991 1004 2030 fatum
1035 2005 1059 2030 a
1088 1992 1227 2031 Stoicis

96 2048 271 2088 nectitur.

149 2103 299 2154 Atque,
315 2109 360 2140 ut
378 2114 511 2140 earum
531 2114 748 2147 causarum,
770 2102 850 2140 sine
869 2101 1012 2153 quibus
1031 2100 1128 2140 effici
1148 2113 1224 2138 non

96 2164 233 2211 potest,
260 2169 399 2209 genera
427 2156 567 2201 divisi3
599 2156 651 2196 sic
682 2156 797 2196 etiam
828 2156 1077 2195 efficientium
1106 2155 1226 2194 dividi

153 2212 351 2260 (Rhetor.)
374 2222 478 2251 voL.
499 2222 549 2250 11.
880 2221 895 2248 1
