1456 2396
226 51 710 93 ACADEMICORUM
732 53 832 93 Lm.
848 53 908 93 11.
935 53 1041 93 CAP.
1057 55 1095 94 9.
1149 55 1229 96 295

112 168 224 199 venta
243 173 322 200 esse
339 168 522 213 possunt:
544 161 624 209 sed,
645 175 734 200 cum
749 176 807 211 ea,
828 176 916 215 quae
934 162 1044 214 quasi
1057 162 1231 202 involuta

111 214 280 263 fuerunt,
309 223 440 266 aperta
465 223 567 263 sunt,
595 223 681 253 tum
706 217 862 256 inventa
887 217 1090 255 dicuntur:
1122 217 1174 255 sic
1194 223 1232 254 et

110 267 266 306 initium
288 269 498 320 quaerendi,
526 277 564 307 et
582 270 731 308 exitum
750 270 983 322 percipiendi
1002 278 1039 309 et
1058 283 1231 322 compre-

110 321 303 360 hendendi
332 330 446 362 tenet.
494 323 634 375 Itaque
663 325 880 375 argumenti
908 324 1112 373 conclusio,
1143 337 1232 376 quae

110 383 167 414 est
193 375 325 416 Graece
356 377 549 427 αποὸειξις,
575 377 630 415 ita
655 378 860 416 definitur:
892 378 1024 427 Ratio,
1052 391 1153 429 quae,
1182 391 1231 416 ex

110 430 223 467 rebus
258 430 458 482 perceptis,
496 430 546 468 ad
591 430 633 469 id
676 432 780 484 quod
815 444 894 470 non
935 432 1229 484 percipiebatur,
1294 472 1319 482 ‚

110 483 278 522 adducit.
1224 487 1263 497 “

165 537 242 575 ΙΧ.
273 537 391 586 Quod
417 537 449 577 si
466 538 598 576 omnia
622 538 702 580 visa
727 539 915 589 ejusmodi
934 547 1071 588 essent,
1101 539 1232 592 qualia

109 590 171 629 isti
192 591 338 640 dicunt,
355 599 399 636 ut
414 605 458 631 ea
471 592 533 630 vel
546 592 642 631 falsa
657 607 735 632 esse
754 602 921 646 possent,
937 607 1063 645 neque
1082 607 1126 632 ea
1143 607 1231 646 pos-

110 653 166 685 set
184 646 265 684 ulla
283 645 387 691 notio
405 645 640 693 discernere3
671 661 748 699 quo
774 648 889 686 modo
914 648 1138 700 quempiam
1164 655 1233 686 aut

110 700 336 738 conclusisse
368 699 529 752 aliquid,
564 709 632 739 aut
663 702 852 741 invenisse
883 701 1127 741 diceremus?
1164 709 1232 740 aut

111 766 199 805 quae
227 762 322 792 esset
354 754 521 792 conclusi
553 757 772 806 argumenti
804 756 898 794 fides
913 758 931 795 ?
975 756 1068 807 Ipsa
1099 764 1231 794 autem

109 807 366 859 philosophia,
396 821 484 860 quae
514 809 727 849 rationibus
754 810 932 862 progredi
957 810 1083 857 debet,
1114 823 1232 862 quem

108 860 267 900 habebit
285 863 465 902 exitum?
495 863 691 914 sapientiae
709 878 797 904 vero
820 864 915 916 quid
939 864 1117 902 futurum
1143 872 1199 902 est
1213 867 1232 903 ?

109 928 198 966 quae
216 928 341 968 neque
367 916 414 955 de
433 930 472 955 se
490 917 575 968 ipsa
593 917 769 966 dubitare
788 919 916 968 debet,
944 931 1069 970 neque
1087 917 1135 956 de
1153 918 1232 957 suis

109 969 282 1019 decretis,
308 974 412 1023 (quae
439 971 658 1024 philosophi
685 981 822 1012 vocant
852 972 1035 1021 δογματα)
1065 985 1232 1024 quorum

109 1024 263 1062 nullum
283 1025 363 1064 sine
386 1026 523 1064 scelere
540 1026 652 1077 prodi
669 1027 820 1078 poterit.
859 1026 962 1064 Cum
981 1027 1086 1065 enim
1105 1026 1233 1064 decre-

110 1084 194 1115 tum
209 1079 396 1130 proditur,
417 1079 481 1118 lex
501 1080 580 1117 veri
598 1081 767 1133 rectique
785 1080 983 1133 proditur:
1006 1094 1083 1132 quo
1102 1094 1123 1119 e
1142 1080 1234 1119 vitio

110 1139 148 1171 et
179 1132 435 1171 amicitiarum
466 1134 712 1186 proditiones,
747 1145 785 1174 et
813 1148 943 1173 rerum
972 1135 1230 1186 publicarum,

108 1186 213 1224 nasci
231 1187 364 1226 solent.
394 1187 488 1226 Non
510 1196 635 1240 potest
652 1189 770 1240 igitur
789 1188 970 1237 dubitari,
991 1190 1087 1240 quin
1105 1189 1233 1227 decre-

110 1247 196 1278 tum
227 1241 383 1280 nullum
413 1241 556 1280 falsum
588 1244 707 1295 possit
739 1257 843 1290 esse3
873 1243 1112 1295 sapientique
1142 1243 1232 1281 satis

109 1306 186 1332 non
214 1294 276 1344 sit,
296 1308 375 1333 non
401 1308 479 1334 esse
497 1296 665 1343 falsum;
693 1298 759 1335 sed
779 1298 894 1336 etiam
914 1297 1062 1344 stabile,
1090 1297 1230 1345 fixum,

109 1356 238 1386 ratum
269 1362 347 1388 esse
374 1349 524 1399 debeat,
546 1351 650 1403 quod
668 1364 821 1390 movere
847 1352 956 1390 nulla
981 1351 1077 1389 ratio
1103 1359 1231 1402 queat.

110 1401 226 1440 Talia
244 1411 374 1442 autem
392 1416 517 1456 neque
536 1418 615 1444 esse
633 1418 758 1458 neque
776 1405 896 1445 videri
913 1413 1074 1457 possunt
1099 1418 1231 1443 eorum

109 1456 268 1506 ratione,
297 1458 365 1509 qui
390 1458 458 1496 illa
483 1459 576 1508 visa,
605 1473 626 1498 e
645 1460 786 1511 quibus
812 1459 943 1507 omnia
968 1459 1117 1498 decreta
1142 1467 1233 1498 sunt

109 1518 212 1557 nata,
234 1521 376 1562 negant
395 1512 610 1564 quidquam
629 1527 652 1551 a
670 1514 775 1552 falsis
793 1514 982 1553 interesse.

162 1564 229 1603 Ex
247 1565 319 1604 hoe
338 1566 436 1604 illud
455 1576 511 1605 est
529 1575 679 1615 natum,
701 1568 804 1619 quod
822 1568 1042 1619 postulabat
1062 1567 1233 1606 Horten-

109 1617 201 1667 sius,
231 1626 275 1657 ut
297 1620 337 1658 id
355 1620 483 1671 ipsum
504 1621 640 1669 saltem
659 1631 879 1674 perceptum
901 1635 925 1661 a
943 1622 1112 1674 sapiente
1131 1622 1234 1661 dice-

108 1672 212 1721 retis,
241 1674 340 1712 nihil
363 1687 472 1726 posse
497 1675 652 1727 percipi.
694 1676 770 1714 Sed
797 1676 1007 1728 Antipatro
1033 1676 1106 1714 hoc
1128 1676 1233 1715 idem

108 1727 332 1778 postulanti,
349 1741 438 1766 cum
458 1729 611 1778 diceret,
629 1730 676 1779 ei,
694 1731 762 1782 qui
781 1730 988 1769 affirmaret
1006 1730 1104 1768 nihil
1122 1743 1232 1782 posse

108 1781 266 1833 percipi,
287 1791 584 1822 consentaneum
605 1797 683 1822 esse
703 1797 827 1822 unum
846 1793 976 1823 tamen
991 1784 1089 1822 illud
1109 1784 1233 1823 dicere

109 1836 254 1887 percipi
268 1850 389 1888 posse,
410 1845 454 1875 ut
473 1838 548 1875 alia
566 1850 643 1876 non
662 1847 829 1890 possent,
851 1838 1065 1877 Carneades
1084 1838 1233 1877 acutius

109 1888 330 1928 resistebat:
360 1903 452 1929 nam
481 1899 633 1930 tantum
659 1894 788 1932 abaese
813 1893 977 1941 dicebat,
1005 1900 1050 1930 ut
1076 1892 1117 1930 id
1143 1905 1233 1930 con-

110 1950 337 1982 sentaneum
356 1953 465 1993 esset,
492 1954 536 1983 ut
554 1947 725 1985 maxime
745 1947 860 1985 etiam
878 1954 1132 1998 repugnaret:
1164 1947 1233 1998 qui

111 1997 214 2034 enim
234 2006 390 2049 negaret
407 1999 621 2051 quidquam
639 2013 718 2039 esse
733 2001 837 2053 quod
851 2001 1120 2053 perciperetur,
1142 2012 1232 2038 eum

111 2050 210 2088 nihil
227 2052 422 2104 excipere:
443 2053 499 2092 ita
512 2066 660 2093 necesse
675 2068 768 2103 esse,
784 2068 833 2093 ne
850 2055 891 2093 id
909 2055 1038 2107 ipsum
1057 2054 1230 2106 quidem,

111 2105 217 2156 quod
246 2114 449 2158 exceptum
477 2120 554 2147 non
585 2117 695 2160 esset,
726 2109 997 2162 comprehendi
1022 2117 1059 2149 et
1088 2108 1231 2162 percipi

112 2158 193 2212 ullo
212 2160 328 2201 modo
346 2175 466 2214 posse·
