1456 2396
211 94 287 133 166
320 95 403 134 AD
424 96 802 147 HERENNIUM,
823 96 922 137 LIB.
939 96 998 137 ΙΙ.
1018 95 1123 136 CAP.
1141 95 1205 135 ll'.

206 202 363 253 putarit.
410 204 561 243 Deinde
592 206 774 254 dicemus,
807 205 1090 245 calumniatoris
1121 216 1199 242 esse
1231 201 1315 241 offi-

207 256 325 303 cium,
355 260 470 297 verba
494 266 531 297 et
555 259 680 299 literas
702 260 823 312 sequi,
849 260 1040 311 negligere
1063 258 1310 297 voluntatem.

207 309 360 349 Deinde
383 312 437 360 id,
465 313 568 364 quod
593 314 773 366 scriptum
799 314 861 362 sit,
888 322 955 352 aut
981 325 1058 351 non
1084 324 1193 364 posse
1217 309 1314 357 fieri,

207 372 275 402 aut
298 377 375 402 non
399 366 496 416 lege,
516 379 593 404 non
617 380 735 416 more,
762 381 838 406 non
863 368 1014 415 natura,
1040 378 1119 404 non
1143 377 1253 416 aequo
1278 370 1316 402 et

207 419 322 467 bono,
343 432 451 470 posse
478 419 581 466 fieri3
623 435 709 472 quae
732 422 861 460 omnia
887 421 1106 472 scriptorem
1132 417 1317 468 [noluisse

206 484 326 522 quam
345 473 548 512 rectissime
566 475 660 523 fieri,
676 488 788 513 nemo
800 476 897 513 dicet
911 477 944 527 ε]
975 482 1014 513 at
1027 487 1084 522 ea,
1100 485 1187 524 quae
1205 485 1229 509 a
1246 483 1316 509 no-

207 525 266 563 bis
293 525 392 564 facta
418 527 506 575 sint,
533 528 740 577 justissime
766 529 876 567 facta.
914 528 1066 567 Deinde
1092 525 1318 565 contrariam

208 580 433 619 sententiam
452 588 519 619 aut
537 582 681 620 nullam
710 596 801 630 esse,
822 590 890 621 aut
914 583 1084 629 stultam,
1104 586 1172 618 aut
1195 579 1317 627 injus-

208 639 303 681 tam,
324 642 391 672 aut
415 647 492 672 non
518 649 625 686 posse
650 637 745 684 fieri,
766 645 832 675 aut
858 649 935 675 non
955 643 1122 675 constare
1139 645 1229 671 cum
1253 645 1317 669 su-

206 687 416 738 perioribus
447 696 483 726 et
507 689 746 728 inferioribus
775 691 993 735 sententiis;
1023 696 1090 727 aut
1118 699 1207 726 cum
1230 687 1318 735 jure

203 742 417 790 communi,
446 750 512 780 aut
540 755 627 781 cum
656 744 738 782 aliis
765 745 913 795 legibus
941 741 1221 788 communibus,
1250 746 1317 777 aut

208 807 298 832 cum
316 797 428 833 rebus
443 797 621 845 judicatis
636 797 840 836 dissentire.
870 798 1022 836 Deinde
1037 795 1314 846 exemplorum,

207 861 231 886 a
250 849 457 898 voluntate,
475 859 511 888 et
525 858 653 888 contra
666 852 861 903 scriptum,
874 852 1144 901 judicatorum,
1161 859 1318 887 enume-

207 902 352 940 ratione
381 911 558 949 utemur3
608 905 743 943 deinde
777 906 908 956 legum
947 916 984 943 et
1026 902 1316 954 stipulationum

208 956 371 994 breviter
396 967 672 1009 excerptamm,
693 959 733 996 in
753 960 891 1011 quibus
909 959 1145 1009 intelligatur
1162 954 1318 1006 scripto-

205 1021 294 1047 rum
313 1011 488 1049 voluntas
507 1019 544 1049 et
569 1013 762 1063 expositio.
800 1013 926 1051 Locus
952 1011 1165 1050 communis
1189 1015 1319 1048 contra

206 1076 311 1111 eum,
336 1064 403 1115 qui
428 1065 609 1116 scriptum
637 1066 778 1114 recitet,
807 1075 844 1105 et
869 1066 1056 1117 scriptoris
1081 1065 1319 1103 voluntatem

206 1128 284 1155 non
297 1117 573 1169 interpretetur.
594 1119 696 1159 Cum
708 1120 794 1158 duae
807 1121 909 1172 leges
922 1121 1020 1158 inter
1034 1132 1073 1157 se
1091 1118 1317 1168 discrepant,

204 1171 414 1210 videndum
433 1180 488 1209 est
505 1173 689 1223 primum,
710 1186 806 1212 num
825 1188 902 1226 qua
919 1173 1113 1224 obrogatio
1127 1179 1194 1209 aut
1213 1171 1321 1208 dero-

207 1225 311 1275 gatio
331 1225 390 1262 sit.
420 1224 585 1275 Deinde,
606 1235 738 1265 utrum
757 1229 858 1279 leges
877 1228 930 1265 ita
947 1226 1182 1274 dissentiant,
1201 1231 1246 1262 ut
1264 1223 1320 1261 al-

207 1285 288 1316 tera
313 1279 460 1328 jubeat,
490 1280 608 1318 altera
634 1288 761 1327 vetet3
799 1294 848 1319 an
875 1281 942 1328 ita,
971 1289 1016 1319 ut
1047 1280 1165 1318 altera
1195 1284 1318 1329 cogat,

207 1332 325 1370 altera
343 1333 548 1383 permittat.
579 1334 741 1372 Infirma
759 1335 862 1372 enim
877 1335 946 1373 erit
960 1336 1042 1384 ejus
1055 1332 1236 1380 defensio,
1252 1331 1320 1383 qui

206 1386 363 1436 negabit
388 1400 428 1424 se
454 1387 598 1436 fecisse,
628 1389 731 1440 quod
759 1396 966 1439 cogeretur,
995 1401 1085 1426 cum
1112 1387 1230 1425 altera
1255 1386 1320 1424 lex

207 1440 453 1490 permitteret.
502 1441 598 1479 Plus
630 1442 733 1480 enim
762 1443 862 1481 valet
890 1442 1031 1481 sanctio
1061 1441 1318 1493 permissione.

208 1493 311 1536 Item
329 1494 396 1532 illa
412 1493 581 1533 defensio
600 1497 724 1534 tenuis
743 1503 811 1544 est,
832 1509 921 1535 cum
945 1495 1156 1534 ostenditur
1176 1494 1217 1533 id
1240 1494 1319 1532 fac-

207 1553 292 1585 tum
320 1560 411 1595 esse,
440 1549 544 1599 quod
569 1562 613 1588 ea
637 1550 700 1588 lex
728 1550 883 1597 sanciat,
904 1550 967 1588 cui
989 1549 1067 1600 legi
1091 1551 1318 1600 obrogatum

207 1601 268 1638 vel
286 1601 508 1652 derogatum
527 1602 595 1649 sit3
625 1603 679 1651 id,
700 1604 803 1655 quod
821 1604 1017 1656 posteriori
1033 1604 1117 1654 lege
1131 1603 1319 1641 sancitum

207 1654 269 1702 sit,
301 1668 380 1694 esse
410 1656 638 1706 neglecmm.
683 1657 784 1696 Cum
815 1658 897 1696 haec
927 1665 1038 1696 erunt
1070 1656 1316 1703 considerata,

203 1708 335 1746 statim
353 1717 490 1747 nostrae
507 1711 601 1760 legis
620 1711 866 1762 expositione,
882 1711 1110 1759 recitatione,
1126 1710 1319 1749 collauda-

204 1761 308 1801 tione
335 1770 500 1801 utemur.
540 1763 692 1803 Deinde
719 1766 912 1803 contrariae
940 1766 1035 1816 legis
1067 1764 1317 1803 enodabimus

205 1816 455 1864 voluntatem,
477 1825 512 1854 et
529 1830 613 1855 eam
632 1818 826 1857 trahemus
845 1819 893 1857 ad
910 1828 1048 1857 nostrae
1065 1831 1188 1857 causae
1212 1831 1317 1856 com-

205 1869 378 1908 modum.
427 1870 578 1909 Deinde
607 1872 654 1909 de
678 1872 884 1921 juridiciali
914 1872 1089 1911 absoluta
1121 1884 1316 1910 sumemus

205 1923 391 1961 rationem
415 1924 525 1972 juris,
558 1932 595 1963 et
623 1939 836 1977 quaeremus
869 1934 1017 1978 partem
1043 1927 1154 1976 juris,
1183 1933 1315 1964 utrum

204 1989 296 2018 cum
316 1977 361 2015 ea
378 1978 515 2022 faciat3
545 1979 592 2016 de
611 1980 689 2029 qua
706 1988 812 2031 parte
829 1980 1014 2032 posterius
1032 1980 1269 2018 disseremus.

260 2029 338 2068 XI.
365 2031 409 2077 Si
427 2032 654 2083 ambiguum
673 2042 728 2072 ost
742 2034 940 2085 scriptum,
956 2041 1001 2072 ut
1015 2037 1141 2084 (puta)
1157 2033 1260 2084 quod
1273 2033 1314 2071 in

205 2083 302 2122 duas
328 2091 395 2123 aut
420 2085 549 2136 plures
576 2087 777 2126 sententias
806 2088 906 2126 trahi
934 2088 1065 2139 possit,
1095 2087 1167 2125 hoc
1198 2087 1314 2125 modo

205 2138 445 2176 tractandum
472 2146 538 2177 est.
579 2139 771 2188 Primum,
800 2141 897 2180 sitne
922 2141 1149 2192 ambiguum
1162 2142 1181 2179 ?
1209 2153 1315 2192 quae-

205 2191 368 2236 rendum
385 2199 453 2232 est.
481 2192 646 2243 Deinde,
668 2195 859 2246 quomodo
878 2194 1062 2246 scriptum
1080 2201 1188 2244 esset,
1208 2194 1240 2233 si
1257 2193 1313 2241 id,
