1456 2396
293 79 372 120 DE
401 78 653 131 FINIBUS,
683 79 784 120 Lm.
806 80 841 119 Ι.
872 80 978 120 CAP.
999 79 1037 119 4.
1149 83 1230 121 353

160 189 242 238 (Id,
263 188 368 242 quod
386 189 574 236 maluisti)
594 196 646 237 te,
667 203 757 229 cum
772 190 821 228 ad
834 203 899 229 me
913 189 1068 237 accedi’,
1085 191 1210 229 saluto
1223 206 1235 229 z

162 246 292 297 Χαιρε,
320 244 497 295 inquam,
525 243 618 282 Tite
635 244 645 282 !
667 245 854 293 Lictores,
875 252 1005 283 turma
1023 245 1158 295 omns,
1179 259 1241 285 eo-

320 298 500 350 horsque,

160 357 285 407 Χαιρε,
314 353 418 391 Tite.
467 352 575 392 Hinc
601 353 721 393 hostis
748 353 806 391 mi
831 354 1040 403 Albucius,
1066 353 1158 393 hinc
1181 355 1243 393 in-

324 407 506 446 imicus.'’

163 516 240 556 Sed
268 517 356 567 jure
386 516 559 556 Mucius.
602 516 691 569 Ego
723 524 853 556 autem
884 518 974 556 satis
1003 517 1136 556 mirari
1163 531 1242 557 non

106 584 222 623 queo,
242 571 346 611 unde
364 572 437 610 hoc
456 572 504 610 sit
523 580 603 610 tam
621 572 788 611 insolens
803 571 1099 611 domesticarum
1113 586 1245 611 rerum

107 625 319 665 fastidium.
361 627 455 665 Non
476 634 532 665 est
557 626 717 665 omnino
742 626 805 665 hic
831 626 992 664 docendi
1015 628 1145 666 locus:
1177 627 1244 666 sed

107 681 162 719 ita
191 681 326 729 sentio,
357 688 394 719 et
419 694 519 733 saepe
548 681 723 728 disserui,
754 681 938 720 Latinam
963 682 1139 733 linguam
1165 694 1244 720 non

108 735 226 774 modo
251 748 330 774 non
355 736 526 788 inopem,
554 744 599 774 ut
625 736 742 787 vulgo
766 743 960 787 putarent,
988 736 1053 774 sed
1075 737 1247 788 locuple-

107 790 246 828 tiorem
279 790 397 829 etiam
430 804 523 838 esse,
559 803 678 842 quam
709 790 898 828 Graecam.
943 790 1113 838 Quando
1141 791 1246 830 enim

110 849 176 888 (ne
204 844 315 883 nobis
343 845 487 893 dicam)
518 854 587 884 aut
615 845 829 883 oratoribus
859 845 984 893 bonis,
1017 853 1083 883 aut
1106 846 1245 897 poe'tis,

108 907 240 951 postea
270 899 428 951 quidem
457 913 577 951 quam
606 899 683 938 fuit
711 913 829 951 quem
856 899 1114 946 imitarentur,
1143 901 1247 938 ullus

107 953 290 992 orationis
309 955 371 993 vel
389 955 551 1007 copiosae
570 955 631 993 vel
650 955 834 1006 elegantis
853 963 1009 993 ornatus
1029 954 1184 993 defuit?

167 1009 243 1047 IV.
272 1008 361 1061 Ego
386 1022 489 1057 vero,
517 1022 608 1048 cum
633 1009 848 1048 forensibus
874 1009 1012 1061 operis,
1033 1009 1244 1055 laboribus,

109 1063 302 1116 periculis,
323 1076 402 1102 non
427 1064 635 1102 deseruisse
660 1064 758 1102 mihi
785 1064 914 1102 videar
939 1063 1177 1115 praesidium,
1207 1065 1247 1101 in

109 1131 189 1170 quo
209 1131 232 1156 a
249 1119 395 1170 populo
415 1119 596 1157 Romano
613 1119 760 1157 locatus
786 1119 884 1163 sim;
916 1118 1036 1157 debeo
1061 1118 1246 1170 profecto,

112 1180 475 1225 quantumcumque
493 1173 652 1226 possim,
674 1174 714 1211 in
735 1186 779 1212 eo
799 1187 954 1225 quoque
974 1173 1181 1221 elaborare,
1202 1182 1248 1211 ut

110 1228 188 1265 sint
210 1229 340 1279 opera,
367 1228 508 1275 studio,
534 1229 665 1267 labore
691 1241 793 1275 meo,
820 1228 1005 1267 doctiores
1031 1228 1130 1266 cives
1155 1228 1247 1274 mei,

112 1295 182 1321 nec
207 1295 297 1321 cum
323 1283 405 1322 istis
428 1290 624 1335 tantopere
649 1296 839 1335 pugnare,
867 1283 936 1334 qui
963 1282 1099 1321 Graeca
1123 1283 1251 1334 legere

110 1337 252 1375 malint
277 1337 409 1382 (modo
433 1338 566 1389 legant
591 1339 658 1376 ina
683 1339 779 1390 ipsa,
808 1350 878 1376 nec
904 1337 1118 1385 simulent),
1147 1346 1186 1376 et
1203 1338 1250 1376 iis

111 1392 264 1440 servire,
286 1393 356 1444 qui
374 1393 435 1431 vel
453 1393 627 1445 utrisque
645 1393 763 1432 literis
782 1393 840 1430 uti
859 1393 993 1439 velint,
1014 1392 1090 1440 vel,
1111 1392 1143 1430 si
1162 1405 1250 1431 suas

113 1447 272 1495 habent,
292 1447 378 1486 inas
397 1460 475 1485 non
494 1460 728 1499 magnopere
747 1447 972 1486 desiderent.

170 1501 255 1550 Qui
280 1510 412 1541 autem
437 1502 513 1541 alia
538 1503 692 1540 malunt
710 1502 824 1541 scribi
849 1515 872 1540 a
898 1501 1022 1549 nobis,
1051 1500 1154 1553 aequi
1172 1514 1251 1541 esse

110 1555 266 1605 debent,
297 1556 403 1619 quod
428 1564 466 1595 et
488 1557 628 1609 scripta
646 1557 773 1595 multa
792 1564 895 1604 sunt,
917 1557 969 1595 sic
987 1564 1032 1594 ut
1050 1557 1165 1608 plura
1183 1569 1251 1595 ne-

112 1611 211 1649 mini
239 1625 259 1650 e
284 1612 436 1659 nostris,
467 1619 505 1650 et
533 1612 746 1650 scribentur
771 1611 929 1650 fortasse
954 1612 1081 1663 plura,
1113 1611 1145 1649 si
1172 1612 1253 1650 vita

113 1674 317 1718 suppetet.
348 1674 385 1705 et
403 1675 534 1705 tamen
558 1666 627 1719 qui
651 1666 855 1718 diligenter
872 1666 969 1715 haec,
990 1679 1079 1717 quae
1097 1666 1145 1704 de
1163 1667 1252 1717 phi--

113 1721 290 1773 losophia
308 1721 428 1760 literis
445 1721 693 1768 mandamus,
721 1722 847 1773 legere
865 1721 1086 1767 assueverit,
1100 1721 1252 1770 judica-

114 1776 173 1814 bit
196 1776 308 1815 nulla
333 1776 382 1815 ad
411 1776 621 1828 legendum
650 1776 712 1815 his
741 1788 821 1815 esse
850 1775 1010 1828 potiora.
1055 1775 1166 1824 Quid
1197 1784 1254 1814 est

114 1831 219 1869 enim
232 1831 274 1869 in
289 1831 370 1871 vita
382 1839 581 1883 tantopere
596 1830 866 1883 quaerendum,
882 1843 1002 1882 quam
1017 1843 1107 1869 cum
1123 1830 1255 1869 omnia

114 1885 157 1923 in
175 1885 434 1938 philosophia,
454 1894 541 1925 tum
559 1885 601 1924 id
619 1885 725 1938 quod
738 1885 798 1924 his
813 1885 920 1924 libris
935 1885 1136 1937 quaeritur,
1158 1885 1254 1936 quid

117 1939 166 1978 sit
191 1939 293 2001 finis,
325 1941 422 1993 quid
452 1949 686 1988 extremum,
717 1940 815 1992 quid
843 1940 1044 1988 ultimum,
1072 1952 1151 1990 quo
1176 1938 1254 1977 sint

114 1994 246 2032 omnia
270 1997 368 2034 bene
392 1995 546 2035 vivendi
571 2003 748 2047 recteque
774 1995 939 2034 faciendi
962 1994 1121 2034 consilia
1153 1993 1252 2032 refe-

112 2048 232 2087 renda
247 2052 264 2089 Ρ
294 2049 389 2102 quid
408 2058 590 2102 sequatur
609 2057 762 2099 natura,
782 2057 828 2089 ut
849 2062 1050 2088 summum
1069 2061 1118 2087 ex
1137 2049 1252 2086 rebus

111 2104 337 2155 expetendis
350 2107 369 2143 ’ἓ
399 2105 494 2157 quid
521 2104 662 2157 fugiat,
691 2113 738 2144 ut
770 2112 989 2144 extremum
1021 2103 1216 2141 malorum
1232 2105 1250 2142 Ρ

114 2159 197 2210 quai.
213 2159 262 2197 de
280 2172 321 2198 re
339 2172 429 2198 cum
448 2159 497 2198 sit
514 2159 614 2199 inter
631 2159 870 2199 doctissimos
889 2171 1033 2210 magna
1051 2157 1248 2205 dissensio,

115 2213 203 2264 quis
222 2213 394 2253 alienum
413 2221 523 2268 putet
549 2215 632 2265 ejus
658 2227 739 2255 esse
763 2213 978 2265 dignitatis,
1006 2226 1127 2266 quam
1153 2212 1251 2251 mihi

785 2271 810 2306 2
833 2280 865 2306 H
896 2269 921 2306 3
