1456 2396
235 118 316 156 Ι412
399 116 477 156 DE
507 116 758 164 FINIBUS,
788 115 889 155 LIB.
916 115 976 155 11.
1001 115 1108 156 CAP.
1127 116 1194 162 27.

291 226 420 265 Nemo
448 226 567 278 igitur
596 239 674 264 esse
705 228 841 264 beatus
865 232 1012 277 potest:
1042 237 1168 277 neque
1193 224 1298 264 enim
1314 224 1356 262 in

234 280 368 331 aliqua
386 289 507 332 parte,
521 280 616 319 sed
605 293 646 318 m
665 280 917 332 perpetuitate
934 279 1129 331 temporis,
1149 278 1228 317 vita
1244 280 1358 318 beata

234 334 311 372 dici
330 335 450 373 solet:
482 347 607 386 neque
627 335 842 386 appellatur
859 334 1016 373 omnino
1034 333 1113 372 vita
1131 335 1356 381 beata‚n1s1

235 388 408 427 confecta
433 396 550 441 atque
574 389 773 435 absoluta3
803 401 872 426 nec
897 395 1022 440 potest
1039 388 1246 439 quisquam
1263 386 1357 425 alias

234 444 369 481 beatus
388 456 481 490 esse,
502 443 595 481 alias
612 443 739 481 miser.
767 442 849 490 Qui
867 442 970 480 enim
996 442 1230 480 existimabit
1246 453 1357 493 posse

233 509 275 535 se
293 497 478 535 miserum
498 510 591 545 esse,
610 499 744 536 beatus
765 509 842 535 non
862 496 945 534 erit.
975 496 1098 544 Nam,
1127 508 1218 534 cum
1235 494 1355 534 semel

231 557 292 588 aet
320 558 495 603 suscepta
519 552 630 590 beata
657 551 748 599 vita,
779 558 861 588 tam
889 558 1101 602 permanet,
1127 562 1246 602 quam
1270 549 1355 601 ipsa

230 604 302 643 1113
324 605 493 643 effectrix
511 606 632 644 beatae
650 605 737 644 vitae
768 605 976 656 sapientia:
1007 617 1132 655 neque
1163 610 1357 655 exspectat

233 658 419 697 ultimum
431 667 583 710 tempus
598 659 745 705 aetatis;
768 658 871 711 quod
888 658 1018 698 Croeso
1029 658 1159 697 scribit
1176 657 1354 696 Herodo-

232 721 297 751 tus
315 722 551 766 praeceptum
575 727 599 752 a
617 714 767 753 Solone.
798 714 851 751 At
880 713 997 761 enim,
1024 712 1354 764 quemadmodum

233 775 317 806 tute
335 767 498 816 dicebas,
525 776 641 819 negat
665 768 858 819 Epicurus
882 767 1173 806 diuturnitatem
1196 766 1355 818 quidem

235 822 417 873 temporis
453 822 503 862 ad
538 824 648 861 beate
676 822 884 861 vivendum
919 821 1067 873 aliquid
1104 820 1251 868 afferre,
1283 832 1354 858 nec

231 875 421 915 minorem
448 877 685 928 voluptatem
709 876 853 928 percipi
880 876 921 914 in
943 875 1127 914 brevitate
1155 874 1353 927 temporis,

232 943 368 981 quam,
395 931 428 969 si
450 931 518 969 illa
537 932 585 970 sit
602 931 845 983 sempiterna.

289 983 388 1023 Haec
405 985 586 1024 dicuntur
612 985 969 1024 inconstantissime.
1001 984 1105 1024 Cum
1125 983 1229 1022 enim
1247 994 1355 1021 sum-

231 1050 343 1076 mum
362 1040 510 1078 bonum
529 1039 570 1077 in
589 1039 785 1091 voluptate
802 1047 934 1090 ponat.
939 1047 1069 1101 ’negat
1085 1038 1237 1077 infinito
1254 1044 1354 1075 tem-

230 1105 323 1144 pore
348 1094 469 1132 aetatis
498 1094 736 1145 voluptatem
761 1093 843 1131 fieri
871 1094 1071 1143 majorem,
1095 1105 1214 1144 quam
1245 1091 1354 1130 finito

230 1155 348 1199 atque
366 1148 528 1186 modico.
557 1147 640 1196 Qui
657 1149 806 1186 bonum
823 1160 938 1186 omne
961 1147 1003 1185 in
1021 1147 1161 1186 virtute
1178 1145 1301 1198 ponit,
1320 1144 1354 1183 is

231 1208 358 1252 potest
373 1201 497 1241 dicere
514 1202 645 1254 perfici
669 1203 821 1241 beatam
839 1201 958 1240 vitam
986 1200 1215 1263 perfectione
1233 1199 1354 1238 virtu-

231 1255 308 1294 tis:
339 1264 454 1307 negat
483 1257 587 1295 enim
611 1269 765 1295 summo
789 1258 890 1295 bono
917 1255 1050 1294 afferre
1073 1255 1351 1294 incrementum

231 1308 350 1348 diem.
376 1311 458 1358 Qui
477 1319 606 1350 autem
632 1311 828 1362 voluptate
846 1310 966 1349 vitam
984 1310 1081 1349 effici
1108 1311 1260 1348 beatam
1278 1321 1353 1360 pu-

230 1364 342 1413 tabit,
374 1367 443 1416 qui
473 1365 547 1404 sibi
575 1365 608 1403 is
638 1365 849 1411 conveniet,
873 1365 905 1403 si
930 1364 1085 1416 negabit
1114 1363 1350 1415 voluptatem

230 1431 392 1457 crescere
416 1419 723 1472 longinquitate.
714 1421 731 1445 9
760 1419 878 1470 igitur
906 1431 955 1457 ne
983 1418 1152 1457 dolorem
1177 1417 1349 1470 quidem.

228 1472 295 1511 An
320 1473 428 1511 dolor
445 1474 690 1525 longissimus
721 1474 884 1526 quisque
901 1473 1153 1519 miserrimus,
1173 1472 1350 1523 volupta-

229 1533 308 1566 tem
338 1540 416 1566 non
448 1528 713 1589 optabiliorem
740 1527 972 1566 diuturnitas
1003 1527 1119 1565 facit.
1109 1529 1127 1554 9
1156 1525 1266 1574 Quid
1294 1532 1351 1564 est

227 1580 361 1632 igitur,
389 1595 456 1620 cur
474 1582 527 1620 ita
550 1596 699 1634 semper
719 1581 848 1620 Deum
862 1581 1029 1643 appellet
1046 1581 1240 1642 Epicurus
1258 1581 1350 1625 bea-

230 1641 315 1673 tum
346 1644 384 1675 et
414 1644 624 1676 aetemum
615 1639 632 1665 9
661 1636 808 1674 Demta
840 1636 943 1674 enim
974 1636 1196 1682 aetemitate,
1228 1633 1350 1672 nihilo

227 1689 372 1728 beatior
386 1690 555 1742 Jupiter,
573 1703 692 1743 quam
703 1690 921 1742 Epicurus.
951 1698 1112 1742 uterque
1123 1689 1227 1727 enim
1243 1701 1350 1727 sum-

227 1755 293 1781 mo
322 1745 423 1782 bono
453 1744 607 1793 fruitur,
642 1745 683 1783 id
716 1752 784 1792 est,
814 1745 1021 1796 voluptate.
1064 1747 1124 1782 At
1154 1742 1258 1781 enim
1286 1742 1350 1781 hic

227 1797 344 1836 etiam
375 1798 514 1836 dolore.
543 1799 603 1837 At
631 1812 720 1838 eum
747 1798 858 1836 nihili
884 1798 998 1837 facit:
1029 1797 1083 1836 ait
1113 1797 1216 1836 enim
1244 1810 1297 1845 se,
1318 1796 1350 1836 si

228 1860 378 1901 uratur,
409 1854 436 1875 “
454 1866 573 1904 quam
591 1853 663 1892 hoc
680 1866 823 1891 suave.
815 1851 854 1877 '''
885 1852 1090 1890 dicturum.
1121 1852 1214 1900 Qua
1231 1851 1350 1902 igitur

226 1918 268 1943 re
284 1919 307 1944 a
326 1906 412 1945 Deo
427 1907 604 1955 vincitur,
619 1907 650 1945 si
671 1907 878 1946 aeternitate
892 1919 970 1946 non
986 1907 1183 1945 vincitur?
1212 1906 1253 1944 in
1271 1918 1350 1957 quo

225 1959 322 2011 quid
340 1968 395 1999 est
419 1961 510 1999 boni
542 1969 678 2012 praeter
703 1974 897 2000 summam
923 1961 1174 2012 voluptatem,
1205 1968 1243 1998 et
1261 1972 1348 1998 &am

224 2014 519 2066 sempiternam.
511 2018 528 2043 9
558 2015 667 2064 Quid
685 2029 724 2054 er
708 2028 774 2067 go
795 2015 931 2054 attinet
954 2015 1114 2066 gloriose
1132 2013 1253 2065 loqui,
1273 2013 1347 2053 nisi

223 2077 439 2107 constanter
470 2070 656 2122 loquare.
647 2072 664 2097 9
695 2071 745 2109 In
764 2070 959 2121 voluptate
984 2069 1149 2120 corporis
1169 2067 1344 2129 (addam,

225 2121 257 2160 si
276 2123 347 2169 vis,
374 2123 509 2184 animi,
529 2124 625 2162 dum
644 2137 688 2162 ea
712 2124 809 2176 ipsa,
831 2132 876 2162 ut
899 2123 1028 2170 vultis,
1058 2123 1107 2161 sit
1125 2122 1229 2174 quod
1248 2128 1286 2161 et
1303 2121 1344 2160 in

223 2175 397 2228 corpore)
429 2177 547 2216 situm
577 2186 634 2217 est
660 2178 785 2217 vivere
810 2179 931 2216 beate.
960 2177 1095 2225 Quid.
1087 2179 1104 2205 9
1133 2177 1248 2215 istam
1276 2188 1344 2214 vo-

220 2229 410 2282 luptatem
438 2240 664 2285 perpetuam
683 2233 769 2286 quis
794 2240 918 2285 potest
942 2239 1119 2284 praestare
1149 2229 1342 2284 sapienti?
