1456 2396
267 118 343 157 184
377 115 461 155 AD
491 114 870 164 HERENNIUM,
887 115 986 155 Lm.
1001 115 1059 155 11.
1074 97 1179 156 CAP:
1195 118 1260 158 30.

263 224 394 263 vinoso
417 223 618 277 profertur,
639 224 670 262 si
697 232 764 262 aut
789 223 961 262 dissimili
989 223 1036 262 de
1062 237 1102 263 re
1128 224 1369 276 proferatur,
1357 238 1368 249 ·

263 286 331 316 aut
359 278 406 316 de
431 292 476 316 ea
500 291 554 324 re,
583 291 660 329 qua
686 277 734 316 de
760 278 1009 317 controversia
1035 290 1112 317 non
1135 286 1219 323 est;
1247 287 1315 317 aut
1340 279 1372 316 si

263 332 462 383 improba
451 359 463 378 ‚
501 339 568 370 aut
596 331 795 381 ejusmodi,
830 338 874 369 ut
902 339 968 369 aut
998 331 1126 383 plures
1155 339 1222 370 aut
1249 332 1373 383 magis

262 385 409 424 idoneae
434 398 493 423 res
518 385 698 435 judicatae
725 387 772 424 ab
791 384 1010 424 adversariis
1034 384 1193 437 proferri
1215 386 1373 437 possint.

265 438 368 477 Item
391 438 569 478 vitiosum
595 446 663 488 oet,
693 438 734 476 id
757 438 858 491 quod
891 438 1092 477 adversarii
1120 439 1266 478 factum
1295 452 1374 478 esse

264 492 529 542 confiteantur,
557 491 604 531 de
630 505 674 531 eo
701 491 971 543 argumentari,
1001 499 1037 530 et
1069 493 1228 544 planum
1253 493 1375 531 facere

264 545 408 584 factum
432 558 531 584 esse:
562 558 652 584 nam
680 546 720 583 id
745 552 895 584 tantum
921 545 1050 596 augeri
1074 554 1231 597 oportet.
1273 546 1373 584 Item

265 599 445 638 vitiosum
471 607 539 646 est,
566 599 605 637 id
634 613 785 650 augere,
813 599 915 650 quod
941 600 1114 637 convenit
1136 599 1273 646 doceri,
1302 600 1375 638 hoc

265 653 381 691 modo
397 668 407 691 ε
450 661 495 691 ut
512 654 543 691 si
561 653 646 714 quis
665 666 781 704 quem
799 660 947 704 arguat,
967 653 1162 691 hominem
1181 652 1372 699 occidisse,

265 714 318 754 et,
338 714 544 759 antequam
558 707 646 746 satis
658 707 810 745 idoneas
829 706 1174 757 argumentationes
1193 707 1374 755 attulerit,

266 768 404 811 augeat
421 768 632 812 peccatum,
646 767 683 799 et
701 760 814 810 dicat,
828 760 924 798 nihil
942 760 1135 811 indignius
1150 773 1242 809 esse,
1255 773 1374 812 quam

265 814 462 853 hominem
480 814 670 854 occidere:
701 826 778 853 non
797 814 913 862 enim,
933 821 1065 852 utrum
1089 814 1293 866 indignum
1312 814 1374 862 sit,

266 880 316 906 an
335 870 446 907 non?
476 868 555 918 sed,
575 868 768 906 factumne
786 868 856 906 sit.
847 870 864 895 '³
893 868 1086 920 quaeritur.

321 921 547 972 Complexio
572 922 704 961 vitiosa
728 929 796 970 est,
823 935 910 974 quae
928 934 1020 970 non,
1039 928 1084 959 ut
1101 921 1280 974 quodque
1297 921 1376 973 pri-

267 987 377 1013 mum
397 975 542 1015 dictum
569 983 637 1024 est,
657 976 827 1027 primum
846 975 1120 1028 complectitur,
1140 982 1177 1013 et
1195 989 1282 1026 quae
1299 987 1377 1013 non

266 1029 430 1067 breviter
448 1029 651 1078 concludit,
672 1037 708 1068 et
727 1042 814 1080 quae
831 1041 908 1067 non
927 1042 974 1067 ex
994 1029 1276 1067 enumeratione
1300 1041 1379 1067 cer-

267 1090 353 1120 tum
385 1090 422 1121 et
451 1090 624 1122 constans
655 1083 801 1134 aliquid
829 1082 1024 1133 relinquit,
1057 1089 1101 1120 ut
1129 1082 1377 1133 intelligatur,

267 1136 363 1186 quid
389 1137 624 1187 propositum
643 1137 683 1174 in
703 1137 1028 1187 argumentatione
1047 1136 1108 1183 sit,
1131 1136 1226 1187 quid
1244 1136 1379 1174 deinde

267 1191 425 1237 ratione,
455 1190 548 1241 quid
576 1190 873 1239 confirmatione,
911 1189 1005 1245 quid
1032 1189 1112 1228 tota
1134 1197 1378 1240 argumenta-

267 1243 370 1282 tione
388 1243 701 1282 demonstratum,

323 1297 462 1334 XXX.
504 1297 787 1345 Conclusionoe,
808 1309 895 1348 quae
912 1296 1016 1348 apud
1035 1296 1188 1335 Graecos
1210 1302 1381 1343 Επιλογω

269 1350 530 1400 nominantur,
556 1350 751 1401 tripertitae
769 1357 883 1397 sunt3
912 1363 1003 1388 nam
1028 1357 1200 1389 constant
1219 1363 1267 1388 ex
1285 1362 1380 1388 enu-

269 1404 491 1451 meratione,
529 1404 836 1454 amplificatione,
873 1410 911 1442 et
945 1404 1281 1442 commiseratione.
1330 1403 1380 1442 In

267 1465 433 1509 quatuor
449 1458 540 1496 locis
558 1457 616 1495 uti
632 1470 834 1509 possumus
851 1457 1153 1496 conclusionibus
1168 1470 1181 1504 ς
1209 1457 1251 1495 111
1275 1457 1382 1508 prin-

269 1512 383 1563 cipio,
416 1511 626 1550 secundum
658 1511 927 1560 narrationem,
965 1510 1176 1550 secundum
1211 1510 1382 1549 firmissi-

269 1578 376 1603 mam
395 1565 777 1617 argumentationem,
796 1565 836 1603 in
855 1565 1102 1604 conclusione.
1130 1564 1383 1603 Enumeratio

269 1626 340 1667 est,
360 1632 428 1670 per
445 1632 562 1670 quam
581 1618 795 1670 colligimus
814 1626 850 1657 et
863 1631 1163 1667 commonemus,
1179 1618 1319 1669 quibus
1333 1617 1381 1656 de

270 1674 385 1712 rebus
410 1674 524 1711 verba
548 1672 760 1733 fecerimus,
789 1672 975 1718 breviter;
1005 1680 1049 1710 ut
1070 1680 1283 1719 renovetur,
1303 1683 1381 1709 non

271 1726 560 1776 redintegretur,
587 1726 730 1773 oratio;
760 1732 797 1764 et
820 1726 964 1774 ordine,
992 1725 1182 1786 quidquid
1208 1724 1279 1763 erit
1304 1725 1383 1763 dic-

271 1787 372 1829 tum,
391 1779 611 1841 referamus,
640 1786 684 1817 ut
702 1779 864 1840 auditor,
881 1779 912 1817 si
922 1779 1115 1818 memoriae
1128 1778 1379 1825 mandaverit,

271 1834 321 1872 ad
339 1809 393 1881 id,
414 1833 545 1884 quod
535 1846 614 1884 1pse
631 1833 860 1880 meminerit,
881 1833 1091 1871 reducatur.
1121 1832 1223 1870 Item
1247 1844 1382 1870 curan-

273 1887 368 1925 dum
395 1894 462 1935 est,
490 1899 538 1924 ne
560 1894 626 1924 aut
651 1889 699 1924 ab
719 1887 886 1934 exordio,
906 1894 972 1924 aut
990 1900 1013 1924 a
1031 1886 1257 1934 narratione,
1276 1898 1382 1936 repe-

272 1948 375 1979 tatur
398 1940 575 1980 orationis
603 1940 847 1979 enumeratio.
895 1940 1013 1978 Facta
1041 1939 1158 1988 enim,
1189 1947 1227 1978 et
1255 1938 1384 1977 dedita

273 1995 388 2046 opera
414 2002 645 2045 comparata,
670 1995 789 2032 oratio
813 1994 1003 2033 videbitur
1027 2006 1119 2040 esse,
1145 2000 1213 2030 aut
1236 1992 1385 2030 artificii

272 2048 523 2099 significandi,
557 2055 624 2085 aut
651 2047 794 2098 ingenii
826 2047 1058 2094 venditandi,
1089 2054 1156 2084 aut
1190 2045 1384 2084 memoriae

271 2101 502 2140 ostentandae
515 2114 613 2139 caus
605 2117 639 2138 1,
669 2100 936 2153 Quapropter
926 2100 1079 2138 mitium
1092 2099 1384 2138 enumerationis

272 2155 502 2194 sumendum
527 2162 582 2193 est
608 2168 632 2192 a
662 2154 870 2192 divisione.
901 2154 1036 2192 deinde
1064 2153 1195 2192 ordine
1221 2152 1384 2191 breviter

272 2209 505 2262 exponendae
520 2216 611 2248 sunt
629 2221 701 2258 τῶ,
721 2221 808 2260 quae
826 2214 992 2247 tractatae
1010 2207 1171 2248 eruntin
1185 2206 1385 2247 confirma.
