1456 2396
501 100 763 150 ORATOR,
785 101 890 141 CAP.
908 104 972 140 55.
1246 106 1300 144 53

167 228 191 254 e
189 212 413 277 ‘poeticisne
431 211 615 272 numeris,
635 223 685 249 an
703 223 752 249 ex
771 210 847 249 alio
861 223 998 262 genere
1011 210 1213 263 quodam?
1234 220 1286 261 et,

169 269 201 308 si
221 282 241 307 e
253 267 423 320 poeticis,
444 265 531 318 quis
546 278 679 304 eorum
698 265 760 311 sit,
782 272 849 302 aut
874 266 965 317 qui.
957 268 974 294 ⁹
1004 269 1189 317 (namque
1203 267 1288 306 81115

167 336 269 361 unus
282 321 410 369 modo,
425 320 508 358 aliis
526 320 669 372 plures,
687 319 771 358 81115
788 332 920 358 omnes
931 320 1049 358 iidem
1064 321 1241 359 videntur
1255 329 1286 369 ε)

166 376 318 424 deinde,
339 375 574 437 quicumque
593 374 682 422 sint,
704 373 781 411 sive
800 386 901 412 unus
924 374 1002 412 sive
1020 375 1162 426 plures,
1184 389 1288 414 com-

167 443 354 470 munesne
372 430 447 468 sint
459 428 565 467 omni
577 428 707 480 generi
718 428 930 466 orationis?
961 431 1003 480 (q
1004 429 1160 467 uoniam
1180 430 1287 468 aliud

165 498 287 537 genus
305 491 361 523 est
378 483 573 532 narrandi,
589 482 696 520 aliud.
709 481 976 544 Ρο1588ἀο1181,
992 484 1098 521 aliud
1110 484 1289 532 docendi)

164 553 217 578 811
244 539 410 591 dispares
438 537 590 576 numeri
617 536 756 588 cuique
780 536 959 575 orationis
984 538 1114 588 generi
1141 551 1289 577 accom-

166 593 394 633 modentur.
383 595 402 621 ‘³
431 592 462 630 si
480 604 717 642 communes,
734 591 802 652 qui
816 591 915 630 sint.
905 593 923 619 ¹>
952 591 984 630 51
999 592 1179 644 dispares,
1193 593 1288 645 quid

167 647 348 687 intersit?
377 654 415 686 et
432 659 501 685 cur
519 659 597 685 non
617 658 725 698 aeque
743 646 784 684 in
803 645 986 694 oratione,
1007 654 1122 698 atque
1141 647 1182 685 in
1206 661 1289 686 ver-

166 717 227 751 su,
247 714 430 741 numerus
450 702 662 753 appareat?
693 699 844 749 deinde,
865 700 970 752 quod
988 700 1126 739 dicitur
1144 701 1185 738 in
1204 715 1288 740 ora-

167 757 269 796 tione
286 768 551 804 numerosum,
567 755 608 793 id
625 761 758 793 utrum
772 767 934 793 numero
947 755 1073 793 solum
1088 755 1286 805 efficiatur,

163 824 216 850 an
234 811 351 850 etiam
369 811 430 850 vel
448 809 721 861 compositione
740 808 925 861 quadam,
952 810 1014 848 vel
1039 823 1177 861 genere
1202 823 1286 848 ver-

165 867 305 905 borum
318 868 336 905 ἓ)
365 878 415 904 an
443 865 492 903 sit
519 876 635 903 suum
663 864 862 916 cujusque,
892 871 937 902 ut
963 876 1146 904 numerus
1170 864 1288 903 inter-

165 920 290 970 vallis,
318 919 542 972 compositio
569 918 741 967 vocibus,
770 930 892 970 genus
919 918 1050 970 ipsum
1081 921 1287 958 verborum

160 974 275 1026 quasi
299 975 478 1027 quaedam
505 973 630 1012 forma
655 980 692 1011 et
716 973 850 1012 lumen
874 973 1053 1013 orationis
1078 982 1285 1026 appareat3

161 1030 290 1082 sitque
315 1029 493 1068 omnium
517 1027 603 1066 fons
622 1027 859 1079 compositio,
880 1040 928 1066 ex
953 1027 1074 1080 eaque
1094 1036 1131 1067 et
1149 1041 1288 1067 nume·

163 1098 230 1123 rus
249 1083 447 1133 efficiatur,
461 1090 498 1122 et
517 1095 575 1131 ea,
592 1096 679 1134 quae
698 1082 878 1121 dicuntur
896 1082 1074 1121 orationis
1087 1083 1197 1135 quasi
1210 1083 1288 1121 for-

163 1152 241 1178 mae
259 1145 296 1177 et
313 1138 477 1187 lumina,
499 1150 586 1189 quae
605 1140 666 1182 (ut
684 1136 782 1184 dixi)
800 1136 926 1175 Graeci
940 1144 1076 1175 vocant
1090 1144 1287 1190 Σχηματα.

217 1192 278 1231 At
295 1205 373 1231 non
393 1199 448 1231 est
466 1204 605 1241 unum,
619 1203 688 1230 nec
706 1191 824 1239 idem,
839 1190 943 1243 quod
963 1204 1052 1230 voce
1067 1191 1286 1241 jucundum

160 1254 236 1296 est,
257 1254 294 1286 et
311 1246 417 1299 quod
433 1245 692 1285 moderatione
710 1246 946 1295 absolutum,
962 1253 1000 1284 et
1018 1246 1123 1298 quod
1140 1246 1287 1285 11181111-

165 1308 303 1340 natum
339 1313 477 1352 genere
512 1301 742 1344 verborum;
780 1312 1019 1352 quamquam
1051 1300 1092 1338 id
1127 1300 1286 1352 quidem

161 1356 376 1395 finitimum
406 1362 462 1394 est
490 1366 665 1402 numero,
685 1354 777 1406 quia
800 1368 869 1406 per
890 1367 930 1393 se
954 1355 1183 1406 plerumque
1201 1368 1290 1406 per.

163 1411 310 1450 fectum
343 1417 422 1449 est·
453 1409 676 1471 compositio
704 1416 834 1447 autem
866 1410 915 1447 ab
948 1415 1112 1470 utroque
1143 1409 1285 1459 differt,

159 1479 254 1518 quae
270 1472 352 1504 tota
370 1464 484 1504 servit
501 1463 678 1515 gravitati
696 1476 849 1513 vocum,
869 1470 938 1501 aut
956 1463 1146 1502 suavitati.
1186 1464 1287 1504 Haec

159 1520 284 1573 igitur
301 1519 380 1558 fere
398 1525 502 1567 sunt,
523 1517 563 1555 in
569 1518 726 1579 ’quibus
743 1517 798 1556 rei
816 1525 954 1557 natura
972 1518 1178 1569 quaerenda
1196 1519 1257 1558 sit.

216 1574 309 1614 LV.
337 1573 434 1612 Esse
453 1585 542 1624 ergo
566 1571 608 1610 in
633 1572 803 1610 oratione
827 1584 1036 1611 numerum
1059 1573 1284 1636 quemdam,

157 1641 242 1669 non
259 1635 316 1667 est
334 1603 518 1667 difficilen
506 1639 752 1678 cognoscere:
779 1626 929 1676 judicat
946 1626 1051 1665 enim
1069 1640 1222 1666 sensus·
1243 1629 1285 1668 in

157 1697 256 1736 quo,
275 1682 456 1735 iniquum
482 1689 551 1729 est,
579 1681 684 1743 quod
710 1681 859 1729 accidit,
880 1693 958 1721 non
977 1694 1215 1745 cognoscere,
1237 1684 1283 1734 51,

154 1752 231 1778 cur
248 1737 290 1776 id
306 1737 466 1786 accidat,
481 1736 645 1788 reperire
658 1748 908 1788 nequeamus.
935 1736 1076 1788 Neque
1088 1736 1193 1775 enim
1203 1737 1286 1789 ipse

161 1806 293 1833 versus
310 1791 456 1830 ratione
474 1798 530 1830 est
548 1789 738 1842 cognitus,
765 1790 831 1829 sed
855 1790 995 1829 natura
1018 1798 1136 1843 atque
1154 1804 1282 1842 sensu,

155 1860 281 1910 quem
299 1846 473 1885 dimensa
490 1845 586 1884 ratio
600 1845 744 1893 docuit,
761 1844 863 1906 quid·
874 1844 1078 1883 acciderit:
1106 1845 1163 1884 ita
1175 1854 1284 1886 nota-

162 1903 217 1942 tio
231 1908 379 1940 naturae
390 1908 428 1940 et
442 1899 719 1939 animadversio
736 1899 884 1951 peperit
895 1906 1028 1938 artem.
1058 1899 1159 1939 Sed·
1148 1913 1190 1938 m
1201 1914 1286 1940 ver-

161 1956 268 1996 sibus
294 1968 354 1994 res
382 1961 438 1993 est
464 1954 654 2006 apertior.
696 1966 936 2006 quamquam
964 1954 1081 1993 etiam
1107 1967 1132 1993 8
1157 1955 1284 1994 modis

156 2009 407 2073 quibusdam,
428 2016 543 2048 cantu
567 2015 731 2070 remoto,
749 2009 874 2048 soluta
898 2021 977 2047 esse
1001 2008 1174 2047 videatur
1198 2023 1284 2048 ora-

157 2066 229 2114 110,
248 2063 495 2115 maximeque
519 2062 561 2101 id
585 2063 628 2101 in
653 2063 800 2114 optimo
818 2076 973 2124 quoque
991 2075 1125 2102 eorum
1149 2067 1281 2114 poe'ta-

161 2132 265 2166 rum,
291 2117 361 2169 qui
381 2123 521 2168 Λυρικοι
547 2130 572 2155 8
597 2117 741 2156 Graecis
766 2117 1040 2163 n01ninantu13
1070 2129 1166 2168 quos
1191 2130 1281 2156 cum

157 2181 275 2214 cantu
299 2171 532 2226 spoliaveris,
551 2171 658 2212 nuda
676 2184 784 2225 paene
808 2179 980 2211 remanet
1001 2172 1133 2212 oratio.
1170 2171 1281 2222 Quo-

871 2237 899 2266 r
928 2226 955 2264 3
