1456 2396
204 112 283 150 420
366 111 443 152 DE
473 113 505 151 F
510 112 720 161 INIBUS‚
749 115 847 154 Lm.
871 113 929 154 ΙΙ.
961 115 1069 157 CAP.
1086 118 1155 157 33.

202 227 280 269 tur,
301 221 512 274 Torquate,
536 223 665 275 ipsum
690 236 758 275 per
776 236 816 263 se
833 224 928 264 nihil
946 224 1134 265 delectat?
1162 223 1314 265 Omitto

199 273 440 324 dignitatem,
459 277 711 325 honestatem,
732 277 895 330 speciem
912 280 1036 331 ipsam
1056 280 1257 329 virtutum,
1269 281 1319 320 de

201 328 343 378 quibus
357 339 444 369 ante
463 331 609 370 dictum
628 339 706 370 est:
731 332 813 370 haec
822 333 962 372 leviora
973 347 1139 385 ponam:
1160 337 1312 385 poema,

201 383 426 432 orationem,
448 398 536 424 cum
555 393 623 424 aut
641 386 770 424 scribis
788 394 855 425 aut
871 387 990 438 legis:
1021 401 1111 426 cum
1139 388 1315 427 omnium

199 434 402 485 factorum,
431 453 520 478 cum
539 441 754 491 regionum,
774 441 965 492 conquiris
983 441 1178 480 historiam
1195 455 1208 487 ς
1238 442 1314 493 sig-

199 500 310 538 num,
331 494 476 541 tabula,
496 494 601 533 locus
620 507 805 542 amoenus,
824 495 920 543 ludi,
941 495 1105 543 venatio,
1125 495 1217 534 villa
1234 496 1322 534 Lu-

201 544 308 592 culli,
324 546 448 597 (nam,
469 548 501 586 si
521 556 628 587 tuam
654 548 831 598 dicerem,
850 549 1036 588 latebram
1053 550 1234 588 haberes:
1265 550 1316 589 ad

198 609 336 650 corpus
355 601 496 641 diceres
510 601 714 654 pertinere)
727 602 792 641 sed
810 616 867 650 ea,
883 617 970 655 quae
987 603 1083 651 dixi,
1103 603 1152 642 ad
1163 616 1318 655 corpus·

199 662 248 690 ne
266 653 381 693 refers
395 657 413 694 Ρ
441 669 490 694 an
511 665 566 695 est
587 657 746 710 aliquid,
767 657 871 708 quod
897 666 934 696 te
953 658 1024 696 sua
1041 665 1175 709 sponte
1193 657 1317 697 delec-

200 709 286 744 tet?
317 708 400 748 Aut
415 711 736 762 pertinacissimus
761 711 892 760 fueris,
913 711 945 749 si
970 712 1011 749 in
1030 724 1075 750 eo
1093 711 1312 763 perstiteris,

199 760 249 798 ad
268 775 404 815 corpus
423 778 480 812 ea,
501 779 588 817 quae
600 766 696 816 dixi,
712 766 873 812 referre;
894 773 961 804 aut
975 765 1180 804 deserueris
1197 773 1318 805 totam

199 814 362 868 Epicuri
390 820 641 872 voluptatem,
675 821 707 859 si
732 820 937 871 negaveris.
974 819 1092 868 Quod
1114 832 1202 858 vero
1228 833 1253 858 a
1278 827 1318 859 te

200 869 438 923 disputatum
451 882 519 923 est,
534 877 697 926 majores
712 888 791 913 esse
802 875 1013 926 voluptates
1028 882 1064 913 et
1076 873 1222 913 dolorm
1235 874 1318 912 ani-

200 925 270 971 mi,
292 940 410 978 quam
430 930 618 982 corporis;
650 930 741 982 quia
759 928 877 968 trium
895 936 1113 980 temporum
1130 927 1318 980 particeps

200 982 354 1021 animus
374 984 435 1031 sit,
463 997 615 1036 corpore
635 993 764 1023 autem
783 984 983 1034 praesentia
1007 983 1133 1021 solum
1152 982 1318 1021 sentian-

200 1043 289 1082 tur3
320 1039 389 1089 qui
408 1039 560 1089 probari
578 1046 700 1090 potest
717 1041 734 1077 Ρ
764 1038 821 1076 Ut
839 1037 885 1086 is,
906 1037 974 1089 qui
992 1044 1145 1089 propter
1167 1049 1231 1075 me
1248 1036 1318 1074 ali-

201 1091 297 1169 quid
322 1091 553 1154 ·[gaudeat],
590 1094 691 1154 plu-s,
730 1104 849 1144 quam
886 1104 956 1142 ego
991 1090 1085 1142 ipse,
1123 1090 1317 1142 gaudeat?

253 1146 390 1184 Ammi
407 1147 582 1198 voluptas
611 1156 730 1185 oritur
754 1152 908 1198 propter
925 1145 1162 1197 voluptatem
1185 1157 1318 1206 corpo-

201 1200 279 1246 ris3
311 1208 348 1239 et
365 1202 489 1250 major
507 1209 562 1240 est
581 1200 700 1239 animi
714 1201 905 1252 voluptas,
925 1212 1044 1251 quam
1058 1212 1245 1251 corporis:
1265 1205 1321 1237 lta

202 1254 261 1302 fit,
275 1262 319 1293 ut
338 1256 546 1306 gratulator
563 1256 685 1294 laetior
703 1255 764 1303 sit,
784 1267 902 1306 quam
920 1253 967 1302 is,
987 1253 1049 1292 cui
1067 1253 1321 1305 gratuletur.''

166 1355 168 1357 ‚
203 1308 397 1356 Sed,dum
413 1309 555 1349 efficere
565 1310 679 1349 vultis
694 1311 849 1348 beatum
864 1308 1087 1360 sapientem,
1103 1319 1193 1347 cum
1206 1320 1319 1346 max-

168 1358 175 1370 *
204 1362 302 1401 imas
321 1363 451 1402 animo
469 1364 680 1416 voluptates
702 1362 899 1416 percipiat,
922 1362 1176 1414 omnibusque
1198 1361 1316 1414 parti-

202 1417 276 1455 bus
295 1419 471 1467 majores,
491 1431 609 1470 quarn
623 1431 801 1470 corpore;
832 1417 926 1469 quid
952 1423 1136 1465 occurrat,
1162 1427 1239 1454 non
1258 1415 1315 1454 vi-

201 1471 310 1511 detis.
341 1471 478 1511 Animi
497 1472 600 1511 enim
619 1484 772 1525 quoque
789 1471 936 1510 dolores
953 1470 1134 1523 percipiet
1145 1469 1323 1509 omnibus

203 1526 378 1577 partibus
402 1528 578 1577 majores,
606 1540 724 1578 quam
749 1526 928 1578 corporis.
955 1524 1019 1564 Ita
1041 1525 1156 1563 miser
1177 1524 1225 1563 sit
1247 1524 1321 1562 ali-

205 1580 360 1630 quando
378 1593 527 1620 necesse
546 1588 600 1620 est
613 1582 660 1627 is,
681 1593 797 1633 quem
811 1593 878 1619 vos
895 1581 1052 1619 beatum
1066 1591 1215 1631 semper
1232 1578 1319 1617 vul-

202 1634 252 1671 tis
273 1647 362 1673 esse.
393 1635 436 1673 N
438 1648 478 1674 ec
492 1648 579 1674 vero
597 1635 651 1683 id,
673 1635 768 1673 dum
786 1634 916 1673 omnia
934 1633 984 1673 ad
1001 1633 1236 1686 voluptatem
1249 1631 1319 1671 do-

203 1687 401 1740 loremque
419 1689 598 1736 referetis,
619 1689 785 1728 efficietis
803 1701 991 1741 unquam.

259 1742 390 1790 Quare
409 1743 514 1781 aliud
533 1743 691 1794 aliquid,
706 1743 918 1795 Torquate,
937 1741 1104 1781 hominis
1121 1753 1319 1781 summum

203 1796 352 1834 bonum
375 1796 640 1848 reperiendum
666 1806 733 1837 est.
761 1797 1014 1849 Voluptatem
1040 1796 1169 1835 bestiis
1190 1808 1321 1836 conce-

204 1849 356 1898 damus,
377 1850 518 1902 quibus
538 1863 604 1890 vos
622 1851 670 1889 de
688 1864 839 1890 summo
857 1853 957 1890 bono
975 1850 1133 1889 testibus
1151 1851 1210 1889 uti
1228 1850 1324 1889 sole-

205 1904 267 1942 tis.
299 1904 421 1952 Quid,
441 1905 473 1943 si
503 1904 618 1944 etiam
642 1906 771 1944 bectiae
792 1905 916 1943 multa
943 1905 1103 1952 faciunt,
1129 1904 1225 1943 duce
1249 1904 1321 1943 sua

205 1970 369 2009 quaeque
388 1959 541 2008 natura,
561 1959 702 2010 partim
720 1959 962 2010 indulgenter
973 1959 1034 1997 vel
1056 1970 1145 1997 cum
1163 1958 1320 2002 labore;

206 2019 264 2058 ut,
279 2011 318 2049 in
339 2012 544 2064 gignendo,
564 2013 605 2051 in
624 2013 833 2061 educando,
850 2012 1027 2065 perfacile
1039 2019 1232 2064 appareat,
1251 2011 1323 2050 ali-

204 2065 260 2103 ud
279 2066 462 2117 quiddam
487 2066 533 2105 iis
555 2067 807 2119 propositum,
834 2079 911 2106 non
938 2067 1174 2118 voluptatem
1188 2068 1206 2104 ‚⁹
1234 2078 1323 2117 par-

205 2119 276 2157 tim
295 2132 407 2159 cursu
427 2128 463 2159 et
480 2121 781 2173 peregrinatione
798 2122 977 2160 laetantur
993 2135 1003 2158 ε
1034 2120 1323 2171 congregatione

205 2172 291 2211 aliae
306 2181 446 2213 coetum
465 2175 631 2227 quodam
651 2175 767 2214 modo
784 2174 945 2214 civitatis
962 2174 1172 2213 imitantur.
1202 2173 1322 2212 Vide-

206 2238 307 2277 mus,
337 2228 377 2268 in
397 2228 566 2280 quodam
581 2229 793 2270 volucrium
811 2241 962 2282 genere,
982 2228 1168 2268 nonnulla
1185 2225 1324 2267 indicia
