1456 2396
134 74 212 114 424
299 76 377 116 DE
413 77 662 130 FINIBUS,
691 79 791 130 Lm.
813 77 869 118 11.
896 77 1006 120 CAP.
1026 78 1093 119 352

140 195 238 235 quos
255 183 328 224 ista
344 185 530 226 referam:
561 194 612 235 et,
633 200 870 240 quamquam
887 186 1035 240 aliquid
1051 186 1134 238 ipse
1150 189 1258 235 pote-

139 249 238 287 ram,
258 246 386 278 tamen
405 240 575 280 invenire
601 241 704 280 malo
721 242 925 293 paratiores
946 240 1152 280 familiares
1169 250 1258 276 nos·

138 297 228 351 tfos.
259 292 397 341 Credo,
411 296 597 347 Syronem
612 295 718 344 dicis,
732 303 769 334 et
783 296 1071 343 Philodamum,
1086 305 1175 333 cum
1188 305 1258 342 op-

138 351 254 406 fimos
273 346 387 397 viros,
408 357 493 387 tum
511 349 745 388 doctissimos
755 349 940 389 homines.
970 349 1103 397 Recte,
1116 345 1257 397 inquit,

138 400 331 460 infelligis.
362 403 465 453 Age,
481 416 586 451 sane,
604 403 777 455 inquam.
805 404 882 443 Sed
900 410 979 442 erat
990 402 1151 455 aequiuS,
1166 399 1205 437 T
1206 398 1258 437 ri-

87 504 92 508 ·
137 465 263 514 enum
283 454 430 506 aliquid
448 456 495 495 de
514 457 643 496 nostra
660 457 888 497 dissensione
902 457 1084 507 judicare.
1112 455 1257 501 Immo,

137 507 266 567 inquit
283 509 466 557 arridens,
485 510 678 563 iniquum,
689 511 762 551 hac
780 511 936 564 quidem
947 511 995 549 de
1011 523 1076 549 re:
1097 516 1140 548 tu
1155 507 1260 546 enim

137 568 210 600 ista
238 561 362 602 lenius
378 578 391 609 ς
421 564 484 603 hic
517 565 733 604 Stoicorum
760 579 867 604 more
898 578 967 604 nos
993 571 1118 603 vexat.
1151 561 1259 600 Tum

139 614 330 663 Triarius,
361 618 527 658 Posthac
559 618 731 671 quidem,
762 619 902 672 inquit,
931 618 1135 658 audacius:
1166 627 1259 654 nam

139 667 222 708 haec
239 669 323 721 ipsa
347 672 445 710 mihi
471 681 583 711 erunt
608 673 650 711 in
667 681 836 725 promtu,
858 687 945 725 quae
962 672 1077 710 modo
1101 669 1231 709 audivi
1244 683 1256 707 ε

140 733 211 762 nec
229 735 316 762 ante
335 726 546 777 aggrediar,
566 740 684 779 quam
703 735 740 767 te
758 729 805 766 ab
831 727 926 775 istis,
947 739 1043 778 quos
1067 724 1173 774 dicis,
1198 723 1260 761 in-

145 784 331 816 structum
351 779 490 818 videro.
527 780 627 829 Quae
649 794 738 820 cum
758 789 880 820 essent
898 781 1012 829 dicta,
1031 779 1149 819 finem
1165 777 1260 818 feci-

142 842 231 871 mus
250 838 287 871 et
305 834 530 873 ambulandi
547 843 585 874 et
601 835 833 888 disputandi.

222 1389 613 1419 RHETORICORUM
642 1389 703 1416 ET
735 1387 1196 1416 PHILOSOPHICORUM

439 1458 562 1486 TOMI
593 1457 800 1485 SECUNDI
834 1456 974 1484 FINIS.

295 2186 514 2214 EXCUDIT
553 2186 596 2213 T.
625 2181 853 2224 DAVISON,
882 2184 1105 2213 LONDINJ.

1450 2235 1456 2288 Ξ

1451 2295 1456 2318 4

1451 2331 1456 2368 1
