1456 2396
188 42 672 90 ACADEMICORUM
691 43 793 83 LIB.
809 43 869 84 11.
882 43 988 84 CAP.
1002 47 1040 85 5.
1099 47 1178 87 289

67 161 156 201 tres,
177 153 223 192 Ρ.
245 153 425 192 Crassum
444 159 481 190 et
500 151 545 189 P.
562 152 785 201 Scaevolam,
801 153 909 192 aiunt
923 153 987 192 Ti.
1005 153 1179 193 Graccho

67 216 236 247 auctores
254 208 385 257 legum
403 206 533 254 fuisse,
554 207 717 244 alterum
732 207 904 258 quidem,
925 215 969 246 ut
987 208 1177 255 videmus,

66 262 219 313 palam:
250 262 427 307 alterum,
448 268 492 298 ut
511 260 760 311 suspicamur,
776 262 983 300 obscurius.
1012 262 1180 300 Addunt

66 315 182 353 etiam
201 315 246 353 C.
260 314 435 352 Marium
450 328 462 360 ς
493 321 529 351 et
547 314 594 352 de
613 314 684 352 hoc
702 314 859 365 quidem
874 315 971 353 nihil
984 316 1180 354 mentiun-

65 376 141 406 tur.
170 367 326 406 Horum
350 368 570 406 nominibus
589 375 644 406 tot
663 368 831 406 virorum
851 377 965 420 atque
984 376 1181 408 tantorum

66 422 259 474 expositis,
274 435 405 460 eorum
421 435 459 459 se
470 421 688 459 institutum
701 422 808 473 sequi
823 421 965 460 dicunt.
996 423 1180 462 Similiter

67 474 190 527 [vos,]
212 489 301 514 cum
325 478 559 527 perturbare,
579 483 624 513 ut
648 475 706 512 illi
731 476 1022 527 rempublicam,
1044 477 1095 515 sic
1114 490 1181 516 vos

64 530 346 582 philosophiam
365 532 460 568 bene
484 530 566 579 jam
594 529 852 576 constitutam,
874 531 1009 579 velitis,
1031 531 1179 582 Empe-

64 583 227 632 doclem,
258 585 548 634 Anaxagoram,
578 582 860 629 Democritum,
893 584 1178 632 Parmenidem,

65 637 361 689 Xenophanem,
397 638 600 676 Platonem
633 637 762 685 etiam,
797 646 835 675 et
863 637 1055 676 Socratem
1091 652 1181 689 pro-

64 691 181 729 fertis.
219 692 295 730 Sed
312 705 436 743 neque
455 691 684 730 Saturninus
703 694 764 734 (ut
789 698 962 729 nostrum
980 691 1182 730 inimicum

65 746 308 796 potissimum
327 745 540 793 nominem)
561 745 684 783 simile
703 744 916 796 quidquam
931 745 1065 783 habuit
1081 754 1183 784 vete-

64 812 153 837 rum
171 800 341 846 illorum,
362 813 430 838 nec
449 799 632 837 Arcesilae
658 799 850 837 631111111113
874 799 1100 837 conferenda
1127 807 1182 837 est

65 866 155 891 cum
175 853 387 892 Democriti
407 853 644 892 verecundia.
681 853 736 891 Et
760 861 903 900 tamen,
932 853 994 891 isti
1013 853 1182 904 philoso-

63 907 133 958 phi
152 921 235 946 raro
253 907 478 969 admodum,
499 920 589 946 cum
613 907 758 945 haerent
782 907 861 958 aliq
861 920 912 945 uo
937 907 1034 954 loco,
1056 908 1182 945 excla-

63 969 187 1007 mant,
208 962 318 1013 quasi
336 970 464 1000 mente
482 961 642 1009 incitati,
656 961 926 1012 (Empedocles
945 960 1117 1012 quidem,
1138 969 1184 999 ut

63 1015 259 1054 interdum
278 1016 375 1053 mihi
392 1015 518 1054 furere
536 1015 724 1063 videatur)
744 1017 916 1053 abstrusa
931 1028 1009 1053 esse
1024 1015 1179 1059 omnia3

63 1069 163 1108 nihil
180 1082 248 1108 nos
267 1070 418 1115 sentire,
439 1070 536 1107 1111111
555 1082 730 1114 66111616;
760 1069 859 1107 1111111
877 1068 1048 1117 0111111110,
1070 1070 1184 1121 quale

64 1123 127 1167 sit,
158 1137 267 1175 posse
299 1124 473 1175 reperire.
516 1123 711 1172 Majorem
743 1132 873 1161 autem
905 1131 1053 1174 partem
1085 1122 1184 1160 mihi

65 1178 223 1229 quidem
253 1190 385 1216 omnes
413 1178 477 1215 isti
505 1177 683 1215 videntur
713 1177 829 1215 nimis
859 1177 974 1215 etiam
1005 1177 1185 1238 quaedam

65 1231 268 1279 affirmare,
288 1232 452 1283 plusque
471 1231 638 1283 profiteri
657 1245 696 1269 se
715 1231 820 1279 scire,
842 1244 961 1292 quam
980 1231 1110 1268 sciant.

120 1285 239 1333 Quod
258 1286 289 1323 si
306 1286 364 1323 illi
382 1294 482 1328 tum
502 1285 543 1322 in
561 1285 668 1323 novis
687 1287 814 1332 rebus,
835 1285 945 1336 quasi
963 1284 1079 1322 modo
1098 1297 1186 1322 nas-

64 1347 204 1387 centes,
224 1340 507 1385 haesitaverunt,
527 1339 673 1377 nihilne
692 1347 746 1377 tot
766 1339 925 1384 saeculis,
947 1338 1107 1376 summis
1126 1338 1186 1375 in-

65 1393 200 1444 geniis,
209 1394 390 1431 maximis
402 1393 535 1431 studiis
539 1393 794 1444 ,explicatum
802 1394 1012 1444 putamus?
1027 1392 1185 1440 Nonne,

67 1460 156 1485 cum
172 1449 255 1497 jam
273 1448 590 1499 philosophorum
616 1447 824 1508 disciplinae
843 1446 1076 1497 gravissimae
1095 1459 1186 1484 con-

66 1502 260 1549 stitissent,
280 1509 380 1548 tum,
407 1509 451 1539 ut
483 1509 636 1539 exortus
667 1510 721 1539 est
748 1502 789 1538 in
817 1501 965 1562 optima
990 1500 1188 1551 republica

67 1555 132 1593 Ti.
155 1555 365 1603 Gracchus,
393 1555 461 1606 qui
486 1556 608 1593 otium
635 1556 887 1606 perturbaret,
908 1554 959 1592 sic
978 1554 1186 1601 Arcesilas,

67 1610 135 1661 qui
153 1610 400 1648 constitutam
418 1609 701 1660 philosophiam
720 1615 915 1654 everteret,
936 1615 973 1646 et
995 1608 1034 1645 'm
1055 1621 1188 1646 eorum

67 1664 290 1702 auctoritate
308 1664 554 1710 delitesceret,
572 1663 640 1714 qui
654 1664 854 1714 negassent
873 1662 1088 1713 quidquam
1103 1662 1189 1700 sciri

66 1724 134 1755 aut
152 1717 295 1770 percipi
312 1720 452 1769 posse?
482 1717 662 1765 Quorum
689 1730 710 1755 e
735 1729 897 1755 numero
922 1715 1112 1754 tollendus
1132 1722 1188 1753 est

68 1778 105 1809 et
124 1772 251 1818 Plato,
272 1780 310 1811 et
328 1772 523 1817 Socrates;
554 1772 662 1819 alter,
680 1772 772 1822 quia
789 1770 943 1822 reliquit
961 1768 1188 1821 perfectissi-

67 1838 175 1864 mam
193 1826 449 1877 disciplinam,
478 1825 749 1877 Peripateticos
776 1834 813 1863 61
831 1824 1097 1869 Academicos,
1119 1835 1189 1860 no-

67 1880 237 1918 minibus
255 1880 483 1927 differentes,
504 1893 545 1918 re
564 1887 837 1941 congruentem
869 1891 892 1916 a
910 1878 1050 1930 quibus
1070 1877 1190 1916 Sto'i'ci

67 1933 141 1985 ipsi
159 1934 282 1972 verbis
307 1933 431 1985 magis
457 1947 578 1985 quam
601 1934 795 1972 sententiis
822 1932 1088 1970 dissenserunt.
1119 1917 1250 1969 Ser‘

67 1995 185 2026 crates
211 1995 357 2036 autem,
383 1987 432 2026 de
457 2001 496 2026 se
521 1987 602 2039 ipse
624 1987 824 2026 detrahens
849 1986 890 2023 in
917 1984 1188 2036 disputatione,

68 2042 156 2094 plus
181 2042 374 2080 tribuebat
397 2042 444 2079 115
471 2055 566 2094 quos
592 2042 743 2079 volebat
766 2040 948 2079 refellere.
990 2038 1066 2086 Ita,
1099 2050 1188 2076 cum

70 2095 176 2134 aliud
194 2095 333 2134 diceret
352 2104 467 2147 atque
485 2096 651 2143 sentiret,
666 2096 828 2134 libenter
846 2094 904 2131 uti
923 2092 1055 2131 solitus
1070 2099 1124 2130 aet
1143 2091 1189 2130 ea

70 2150 386 2197 dissimulatione,
403 2163 522 2201 quam
541 2149 667 2190 Graeci
687 2153 873 2199 Ειρωνειαν
887 2154 1047 2192 vocant·
1069 2159 1187 2198 quam

126 2205 314 2251 (Philos.)
339 2214 445 2242 v01..
467 2215 519 2242 11.
783 2203 807 2239 2
838 2212 861 2240 6
1221 2203 1224 2207 “
