1456 2396
260 84 433 126 ORAT.
456 84 868 134 PARTITIONES,
899 86 1003 125 CAP.
1025 87 1089 124 21.
1162 86 1237 124 115

129 192 286 241 nendos,
306 193 367 232 vel
385 194 637 233 concitandos.
680 196 814 245 Atque
835 194 915 232 haec
929 194 1006 232 fere
1022 201 1077 232 est
1090 193 1245 246 partitio

131 247 464 286 consultationum.

185 301 281 338 XX.
310 303 453 339 Filius.
475 301 672 353 Cognovi:
704 301 783 349 sed,
813 315 900 353 quae
925 302 1021 340 ratio
1047 302 1095 341 sit
1119 302 1159 339 in
1186 301 1251 341 his

131 354 347 393 inveniendi
366 362 403 393 et
421 355 660 407 disponendi,
680 355 843 407 requiro.
886 358 1020 394 Pater.
1043 356 1182 403 Quid?
1204 363 1247 393 tu

132 408 298 447 aliamne
323 421 463 457 censes,
491 416 528 447 et
553 422 628 447 non
656 410 845 456 eamdem,
873 423 961 461 quae
979 418 1034 448 est
1059 409 1246 460 exposita,

133 470 190 509 ut,
208 475 255 500 ex
270 462 411 501 eisdem
429 463 534 510 locis,
555 463 604 501 ad
622 463 738 501 fidem
754 470 790 501 et
805 464 854 501 ad
867 464 1154 511 inveniendum,
1176 463 1249 500 du-

132 523 266 554 cantur
284 517 414 555 omnia
428 519 446 555 ⁸?
487 517 709 556 Collocandi
735 525 863 556 autem
884 531 971 569 quae
997 524 1052 555 est
1077 517 1249 569 exposita

131 569 171 607 in
191 569 274 607 aliis
291 571 402 617 ratio,
423 571 556 609 eadem
575 571 651 609 huc
671 572 906 609 transfertur.

186 624 352 674 Cognita
382 625 499 675 igitur
531 626 637 663 omni
669 625 933 664 distributione
969 625 1249 676 propositarum

132 678 468 726 consultationum,
498 692 698 717 causarum
718 692 856 730 genera
869 687 1012 717 restant
1025 679 1248 717 admodum.

132 731 187 769 Et
202 744 332 769 earum
351 732 508 783 quidem
528 733 652 771 forma
670 733 815 784 duplex
834 741 915 779 est3
946 746 1112 784 quarum
1132 733 1251 770 altera

131 785 419 824 delectationem
434 794 597 825 sectatur
610 787 762 825 aurium
777 801 788 833 3
819 788 987 835 alterius,
1003 794 1047 824 ut
1065 786 1249 834 obtineat,

132 841 267 890 probet
285 847 322 878 et
341 841 477 878 efficiat
496 841 600 892 quod
618 841 711 892 agit,
731 841 856 879 omnis
883 849 938 879 est
964 848 1136 892 suscepta
1161 853 1251 878 con-

132 893 261 931 tentio.
291 893 429 946 Itaque
443 895 541 933 illud
556 895 742 947 superius,
760 895 955 933 exornatio
970 895 1130 941 dicitur3
1147 894 1251 945 quod

128 959 218 984 cum
236 947 360 985 latum
374 962 494 999 genus
511 962 589 988 esse
602 956 739 1000 potest,
761 962 926 1000 saneque
941 949 1105 993 varium,
1125 961 1250 986 unum

133 1013 181 1039 ex
201 1014 244 1039 eo
263 1001 489 1054 delegimus,
509 1003 613 1055 quod
632 1002 681 1041 ad
694 1003 906 1041 laudandos
921 1004 1040 1041 claros
1054 1003 1153 1041 viros
1168 1016 1250 1040 sus-

131 1055 309 1106 cipimus,
331 1064 368 1094 et
386 1057 435 1095 ad
453 1058 646 1108 improbos
665 1057 945 1108 vituperandos.
995 1057 1128 1094 Genus
1147 1057 1251 1094 enim

133 1110 285 1147 nullum
303 1118 358 1148 est
371 1111 565 1159 orationis,
587 1111 691 1163 quod
711 1120 778 1149 aut
797 1112 951 1149 uberius
966 1111 1015 1148 ad
1029 1110 1249 1157 dicendum,

131 1171 199 1200 aut
226 1164 358 1202 utilius
376 1165 592 1204 civitatibus
611 1179 690 1204 esse
708 1165 840 1217 possit,
868 1172 935 1202 aut
960 1165 999 1202 in
1027 1178 1104 1216 quo
1128 1165 1252 1216 magis

131 1224 257 1254 orator
279 1218 319 1256 in
346 1220 561 1269 cognitione
580 1220 767 1258 virtutum
787 1219 1045 1270 vitiorumque
1070 1227 1251 1257 versetur.

130 1271 342 1322 Reliquum
361 1281 490 1311 autem
509 1286 629 1324 genus
655 1287 855 1312 causarum
881 1280 948 1311 aut
965 1273 1006 1311 in
1031 1273 1246 1324 provisione

130 1326 268 1375 posteri
288 1328 482 1378 temporis,
509 1335 576 1365 aut
593 1328 634 1365 in
653 1328 832 1379 praeteriti
850 1328 1133 1378 disceptatione,
1160 1340 1242 1365 ver-

129 1387 258 1424 satum
289 1394 454 1431 quorum
484 1382 647 1420 alterum
676 1382 955 1420 deliberationis
983 1388 1052 1428 est,
1078 1382 1242 1419 alterum

123 1433 271 1482 judicii.
311 1435 376 1472 Ex
395 1435 474 1486 qua
491 1436 694 1487 partitione
713 1437 786 1474 tria
799 1449 938 1486 genera
957 1448 1157 1474 causarum
1176 1448 1244 1473 ex-

126 1493 328 1533 stiteruntg
358 1502 497 1538 unum,
524 1490 642 1541 quod,
667 1504 689 1528 a
706 1490 855 1528 meliori
873 1497 994 1541 parte,
1015 1489 1245 1528 laudationis

128 1554 183 1586 est
210 1543 472 1593 appellatum3
503 1544 781 1582 deliberationis
800 1545 979 1592 alterum,
1007 1543 1163 1581 tertium
1178 1546 1244 1594 ju-

127 1601 324 1639 diciorum.
365 1600 632 1648 Quamobrem
651 1599 697 1636 de
715 1599 840 1649 primo
858 1598 1044 1649 primum,
1060 1598 1092 1636 si
1105 1599 1244 1649 placet,

126 1655 376 1707 disputemus.
415 1657 456 1692 F
458 1656 560 1691 vilius,
581 1653 687 1691 Mihi
705 1666 793 1691 vero
811 1653 945 1704 placet.

182 1710 301 1748 XXI.
320 1711 455 1748 Pater.
469 1709 531 1746 Ac
541 1707 726 1745 laudandi
737 1706 1054 1758 vituperandique
1065 1707 1244 1758 rationes,

130 1777 217 1815 quae
235 1776 312 1801 non
331 1763 380 1801 ad
397 1765 494 1801 bene
512 1762 718 1799 dicendum
737 1761 876 1809 solum,
898 1761 963 1799 sed
982 1761 1098 1799 etiam
1112 1762 1162 1799 ad
1175 1762 1245 1800 ho-

131 1824 235 1856 neste
253 1817 474 1864 vivendum,
494 1817 637 1864 valent,
662 1828 852 1866 exponam
870 1815 1058 1860 breviter3
1089 1823 1204 1867 atque
1223 1831 1246 1856 a

130 1871 324 1923 principiis
339 1871 512 1909 exordiar
526 1877 564 1908 et
572 1869 756 1907 laudandi
771 1876 808 1907 et
819 1869 1071 1920 vituperandi.
1097 1869 1245 1909 Omnia

132 1927 236 1964 enim
262 1932 351 1963 sunt
373 1925 541 1976 profecto
568 1923 774 1985 laudanda,
807 1937 893 1975 quae
922 1924 1125 1972 conjuncta
1154 1937 1244 1963 cum

130 1979 271 2018 virtute
285 1987 398 2025 sunt3
415 1986 452 2016 et
466 1992 552 2030 quae
567 1991 656 2016 cum
670 1977 784 2023 vitiis,
800 1977 1062 2028 vituperanda.
1093 1977 1245 2025 Quam-

131 2035 263 2071 obrem
288 2033 374 2071 finis
393 2033 546 2071 alterius
565 2039 620 2070 est
638 2032 827 2079 honestas,
855 2032 1008 2069 alterius
1033 2032 1244 2082 turpitudo.

132 2087 343 2125 Conficitur
367 2094 496 2124 autem
515 2099 635 2137 genus
653 2086 725 2123 hoc
742 2085 930 2131 dictionis,
955 2085 1152 2124 narrandis
1177 2098 1244 2123 ex-

131 2141 391 2192 ponendisque
416 2140 537 2187 factis,
558 2140 638 2178 sine
656 2139 745 2177 ullis
770 2139 1175 2199 argumentationibus,
1196 2139 1246 2176 ad

133 2195 250 2233 ammi
264 2203 391 2234 motus
405 2194 539 2234 leniter
554 2193 765 2234 tractandos
781 2193 916 2245 magis,
938 2206 1055 2245 quam
1068 2193 1116 2232 ad
1130 2192 1247 2232 fidem
