1456 2396
243 121 319 166 172
356 119 440 160 AD
460 120 838 172 HERENNIUM,
859 121 958 161 LIB.
974 121 1035 161 II.
1050 121 1157 162 cir.
1176 123 1238 162 18.

239 241 284 266 eo
301 228 459 280 periculi
477 230 586 269 nobis
604 229 781 269 futurum
805 229 1009 279 videbitur,
1030 230 1063 268 si
1086 242 1176 268 euin
1193 229 1354 268 missum

240 282 468 329 fecerimus3
499 285 531 322 si
548 285 656 322 nulla
674 292 741 322 aut
759 298 782 322 a
799 285 936 322 nostris
954 284 1112 332 civibus,
1133 290 1200 322 aut
1217 285 1266 322 ab
1285 284 1354 321 ali-

243 349 323 387 qua
349 337 513 387 civitate,
541 339 767 390 vituperatio
793 351 841 376 ex
861 351 906 376 ea
930 351 971 376 re
989 337 1223 388 suscipietur.
1260 337 1357 375 Loci

241 402 477 440 communes,
511 392 558 430 de
592 392 845 453 humanitate,
879 391 1048 438 fortuna,
1081 391 1351 439 misericordia,

240 456 369 481 rerum
387 446 693 484 commutatione.
734 446 809 484 His
828 446 919 484 locis
937 445 1116 483 omnibus
1134 457 1183 483 ex
1203 452 1351 483 eontra-

241 497 298 535 rio
317 506 444 536 utetur
462 499 494 537 is
513 500 580 551 qui
599 509 728 539 contra
746 500 858 548 dicet,
878 511 967 537 cum
986 498 1291 550 amplificatione,
1316 505 1354 536 et

242 553 525 591 enumeratione
559 561 811 605 peccatorum.
882 553 980 591 Haec
1015 565 1128 591 causa
1159 551 1351 601 judicialis

243 605 326 642 fieri
344 618 420 644 non
438 614 574 658 potest,
598 616 638 645 ut
657 609 697 645 in
722 608 847 658 primo
871 607 969 645 libro
988 606 1244 645 ostendimus:
1275 605 1355 651 sed,

243 659 348 709 quod
364 668 487 710 potest
506 661 567 699 vel
586 661 635 698 ad
654 669 828 699 senatum
846 661 906 698 vel
925 660 973 698 ad
991 660 1192 698 consilium
1212 659 1353 707 venire,

243 723 320 750 non
348 713 428 751 visa
446 721 501 752 est
520 715 808 765 supersedenda.
839 714 942 752 Cum
960 728 983 753 a
1001 714 1110 754 nobis
1128 713 1271 751 crimen
1296 726 1355 751 re-

242 777 395 805 movere
414 769 598 816 volemus,
619 776 686 806 aut
711 769 751 806 in
771 781 852 807 rem
871 776 938 806 aut
963 768 1004 805 in
1022 767 1218 805 homInem
1237 766 1356 804 nostri

241 821 385 870 peccati
412 835 564 860 causam
592 821 840 860 conferemus.
879 821 923 860 Si
950 834 1063 860 causa
1089 821 1131 858 in
1155 820 1353 858 hominem

240 873 465 922 conferetur,
482 876 731 926 quaerendum
747 875 816 914 erit
830 875 1016 927 primum,
1033 874 1255 912 Potueritne
1267 880 1353 912 tan-

240 934 340 975 tum,
361 936 550 980 quantum
568 943 653 967 reus
672 929 957 977 demonstrabit,
977 929 1024 976 is,
1044 928 1086 966 in
1105 941 1222 979 quem
1240 941 1354 966 causa

239 981 452 1020 conferetur
466 985 482 1021 ?
515 981 782 1034 [Eequonam]
798 982 912 1020 modo
931 990 999 1020 aut
1009 982 1178 1030 honeste,
1191 988 1259 1019 aut
1273 981 1353 1019 sine

239 1035 422 1085 periculo,
442 1038 607 1087 potuerit
625 1036 802 1075 obsistere
816 1039 833 1075 Ρ
863 1036 905 1075 Si
917 1036 1085 1074 maxime
1099 1035 1154 1073 ita
1165 1035 1226 1084 sit,
1240 1035 1353 1073 Num

241 1088 288 1126 ea
305 1102 346 1127 re
364 1090 516 1127 concedi
534 1103 597 1128 reo
623 1091 834 1138 conveniat,
855 1090 959 1141 quod
977 1090 1100 1127 alieno
1118 1089 1278 1127 inductu
1296 1088 1353 1126 fe-

241 1142 364 1181 cerit?
394 1143 546 1181 Deinde
570 1145 610 1181 in
637 1144 929 1193 conjecturalem
947 1143 1118 1181 trahetur
1136 1150 1351 1181 controver«
1385 1164 1387 1167 ⁴

239 1196 349 1243 siam,
380 1205 417 1234 et
435 1197 670 1245 edisseretur,
701 1198 813 1235 Num
839 1197 1011 1235 consulto
1036 1197 1181 1235 factum
1201 1196 1279 1234 sit?
1309 1196 1351 1234 Si

239 1263 352 1288 causa
376 1250 417 1287 in
445 1264 525 1289 rem
553 1251 763 1303 quamdam
789 1250 1015 1297 conferetur,
1051 1257 1088 1288 et
1113 1250 1194 1288 haec
1219 1249 1352 1287 eadem

237 1303 329 1351 fere,
359 1312 396 1342 et
423 1305 565 1352 omnia,
595 1319 682 1356 quae
709 1305 757 1343 de
785 1303 1057 1343 necessitudine
1084 1303 1348 1355 praecepiInUS‚

239 1357 511 1396 consideranda
530 1367 653 1397 erunt.

290 1411 458 1450 XVIII.
489 1412 683 1460 Quoniam
712 1412 802 1450 satis
826 1412 1031 1450 ostendisse
1053 1410 1242 1459 videmur,
1263 1411 1349 1463 qui-

237 1466 310 1502 bus
329 1466 722 1516 argumentationibus
746 1467 787 1504 in
812 1477 1043 1517 unoquoque
1068 1478 1205 1516 genere
1230 1478 1353 1503 causae

233 1519 425 1567 judicialis
457 1520 515 1557 uti
543 1533 639 1558 conv
640 1520 784 1565 eniret;
814 1520 992 1571 consequi
1021 1518 1185 1579 videtur,
1213 1525 1258 1556 ut
1283 1518 1351 1556 do-

234 1585 400 1619 ceamus,
411 1574 753 1624 quemadmodum'
743 1587 842 1625 ipsas
853 1572 1197 1624 argumentationes
1210 1580 1341 1610 ornate

237 1632 277 1663 et
294 1627 464 1664 absolute
482 1635 640 1666 tractare
658 1627 872 1679 possimus.
902 1640 993 1665 nam
1006 1626 1084 1664 fere
1102 1638 1179 1664 non
1197 1625 1350 1664 difficile

234 1685 293 1716 est
309 1679 492 1740 invenire,
507 1681 600 1732 quid
619 1682 667 1719 sit
681 1695 802 1720 causae
815 1681 1057 1730 adjumento.
1078 1679 1347 1722 difficillimum

237 1745 325 1770 vero
345 1742 412 1779 est,
433 1734 632 1773 inventum
652 1736 832 1786 expolire,
853 1742 890 1772 et
905 1733 1078 1784 expedite
1091 1733 1347 1793 pronuntiare.

236 1785 335 1824 Haec
362 1787 464 1825 enim
492 1802 550 1826 res
577 1789 680 1837 facit,
708 1796 751 1826 ut
778 1801 903 1839 neque
930 1787 1087 1835 diutius,
1116 1799 1234 1838 quam
1260 1787 1349 1825 satis

237 1840 299 1887 sit,
320 1840 360 1877 in
380 1840 520 1879 eisdem
539 1842 629 1880 locis
649 1854 941 1889 commoremur,
957 1854 1082 1891 neque
1096 1840 1228 1880 eodem
1242 1840 1349 1878 iden-

235 1893 354 1931 tidem
381 1896 633 1943 revolvamur,
659 1908 783 1946 neque
809 1895 1025 1933 inchoatam
1050 1894 1348 1945 argumentatio-

235 1959 326 1984 nem
345 1948 620 1998 relinquamus,
641 1962 765 2000 neque
783 1948 1022 1987 incommode
1040 1947 1089 1985 ad
1106 1947 1221 1988 aliam
1240 1947 1346 1985 dein-

235 2013 324 2051 ceps
338 2008 584 2039 transeamus.
614 2003 751 2053 Itaque
762 2003 833 2040 hac
845 2002 988 2039 ratione
1001 2008 1037 2039 et
1047 2001 1120 2052 ipsi
1131 2000 1348 2039 meminisse

235 2054 458 2104 poterimus,
479 2055 573 2106 quid
591 2069 746 2108 quoquo
763 2056 847 2095 looo
861 2055 1093 2099 dixerimus;
1124 2062 1162 2092 et
1179 2054 1342 2101 auditor,

231 2120 323 2145 cum
340 2108 456 2146 totius
475 2122 610 2158 causae,
630 2118 715 2148 tum
733 2110 1033 2170 uniuscujusque
1046 2108 1343 2158 argumentatio-

234 2161 307 2208 nis,
338 2161 641 2201 distributionem
670 2163 861 2214 percipere
887 2169 925 2200 et
950 2161 1167 2200 meminisse
1192 2160 1342 2211 poterit.

233 2213 339 2265 Ergo
357 2216 634 2255 absolutissima
652 2224 689 2255 et
706 2215 976 2268 perfectissima
990 2214 1268 2266 argumentatio
1287 2221 1342 2252 est

1447 1600 1456 1627 ιο
1450 1549 1456 1574 .-
1453 1493 1456 1519 ..-

1435 2195 1456 2279 *a
1436 2141 1456 2169 Π
1437 1873 1456 2114 ssu-mrsu
1442 1658 1456 1844 nan-em-
