1456 2396
211 127 288 174 176
314 126 397 166 AD
417 119 1198 175 HERENNIUM‚L113.11.CA1›.227

212 234 418 287 querimus.
461 234 562 272 Item
580 233 712 272 vitiosa
730 231 913 284 expositio
926 239 996 282 est,
1011 246 1098 285 quae
1111 242 1256 274 constat
1272 248 1322 275 ex

213 288 311 327 falsa
328 288 633 326 enumeratione·
620 315 633 333 ‚
661 293 706 324 ut
724 286 769 334 si,
789 299 878 324 cum
894 286 1007 338 plura
1023 294 1125 335 sunt,
1145 289 1324 341 pauciora

213 342 397 390 dicamus,
415 342 487 379 hoc
509 340 647 379 modo·
679 341 708 363 ‘⁶
723 339 825 378 Duae
849 353 908 378 res
932 347 1034 388 sunt,
1057 341 1212 391 judicos.
1236 357 1323 395 quae

215 409 346 434 omnes
371 395 419 433 ad
441 394 671 433 maleficium
695 394 1119 444 impellunt31uxuriae
1143 403 1180 434 et
1201 397 1323 435 avari-

215 450 281 487 tia.
285 450 310 467 ’'
341 451 368 471 “
385 448 492 496 Quid
509 461 638 486 amor.
628 449 673 476 ‘9⁹’
693 447 839 499 inquiet
853 447 1067 499 quispiam.
1091 450 1118 472 “
1134 449 1228 511 quid
1241 463 1324 488 am-

216 503 334 542 bitio.
325 505 342 531 ⁹
371 503 464 555 quid
495 501 676 552 [irreligio
690 503 729 553 ἓ]
764 501 858 552 quid
884 509 1008 539 metus
1036 504 1200 542 mortis?
1229 504 1323 555 quid

217 557 368 608 imperii
398 556 612 607 cupiditas?
652 555 745 616 quid
775 555 938 610 denique
969 555 1044 592 alia
1070 557 1284 606 permulta.
1274 558 1321 585 ⁹”

218 610 320 649 Item
346 610 441 649 falsa
471 610 703 648 enumeratio
734 616 802 657 est,
832 622 920 646 cum
947 609 1124 660 pauciora
1151 617 1253 659 sunt,
1287 618 1325 649 et

217 665 330 716 plura
360 664 533 711 dicimus,
566 663 638 701 hoc
664 662 802 700 modo:
835 665 862 684 ‘⁶
886 662 983 701 Tres
1013 675 1070 700 res
1102 671 1204 713 sunt,
1237 678 1325 715 quae

218 730 350 756 omnes
377 717 548 755 homines
573 717 796 761 sollicitant3
825 724 964 765 metus,
991 716 1189 767 cupiditas,
1215 718 1324 769 aegri-

217 771 322 809 tudo.
326 772 351 789 '’
385 771 483 809 Satis
508 771 609 809 enim
627 771 749 808 fuerat
767 770 904 808 dixisse
921 778 1069 807 metum
1088 777 1125 808 et
1143 771 1327 823 cupidita-

218 832 323 871 tem;
365 825 544 876 quoniam
573 824 835 875 aegritudinem
865 836 953 862 cum
979 823 1143 876 utraque
1169 838 1211 863 re
1237 837 1326 864 con-

214 880 389 929 junctam
408 892 484 916 esse
501 891 646 916 necesse
665 886 727 916 est.

273 932 416 970 XXII.
447 933 547 970 Item
572 931 703 970 vitiosa
731 931 914 983 expositio
943 939 1011 979 est,
1043 945 1129 983 quae
1159 932 1326 971 nimium

218 986 332 1036 longe
357 986 550 1037 repetitur,
583 986 654 1023 hoc
684 985 822 1023 modo:
866 987 894 1007 “
914 984 1106 1024 Omnium
1133 987 1325 1024 malorum

219 1039 379 1078 stultitia
402 1047 456 1078 est
479 1047 613 1086 mater,
634 1053 720 1090 quae
736 1039 835 1090 parit
852 1039 1056 1077 immensas
1077 1039 1324 1091 cupiditates:

218 1093 415 1131 immensae
443 1106 554 1144 porro
583 1093 803 1154 cupiditates
826 1092 984 1130 infinitae
1010 1100 1047 1131 et
1069 1092 1329 1132 immoderatae

220 1154 332 1185 sunt.
353 1147 414 1184 hae
427 1147 579 1198 pariunt
597 1147 816 1184 avaritiam.
837 1146 994 1184 avaritia
1005 1159 1118 1197 porro
1131 1147 1328 1185 hominem

221 1200 271 1238 ad
297 1200 454 1251 quodvis
478 1200 708 1238 maleficium
732 1200 906 1251 impellit.
936 1200 1075 1250 Igitur,
1095 1201 1252 1238 avaritia
1269 1201 1328 1238 in-

222 1254 340 1301 ducti,
361 1254 559 1292 adversarii
573 1253 690 1291 nostri
706 1253 778 1291 hoc
791 1253 832 1290 in
847 1266 885 1291 se
897 1253 1042 1291 facinus
1055 1253 1328 1292 admiserunt.”

224 1307 305 1346 Hic
322 1307 376 1356 id,
403 1307 505 1359 quod
529 1316 743 1345 extremum
765 1306 909 1345 dictum
928 1314 996 1354 est,
1016 1307 1104 1345 satis
1121 1307 1196 1349 fuit
1214 1321 1330 1359 expo-

221 1372 324 1410 nere,
344 1373 392 1399 ne
409 1361 583 1399 Ennium
602 1369 638 1398 et
657 1368 805 1399 caeteros
818 1364 949 1412 poe'tas
966 1361 1174 1412 imitemur,
1191 1361 1330 1414 quibus

221 1414 294 1454 hoc
311 1415 425 1453 modo
442 1415 548 1466 loqui
567 1426 781 1452 concessum
800 1421 878 1454 est:

278 1492 307 1513 “
326 1490 487 1528 Utinam
505 1502 553 1528 ne
569 1489 610 1527 in
628 1502 780 1528 nemore
798 1489 905 1528 Pelio
923 1490 1114 1530 securibus

275 1543 385 1582 Caesa
402 1543 589 1582 cecidisset
606 1544 764 1594 abiegna
781 1543 830 1581 ad
846 1551 985 1581 terram
1003 1546 1151 1592 trabae3

277 1598 387 1636 Neve
403 1597 491 1635 inde
507 1597 612 1635 navis
629 1596 849 1640 inchoandae
866 1597 1064 1635 exordium

278 1651 472 1702 Coepisset,
492 1665 578 1702 quae
595 1663 698 1689 nunc
714 1650 932 1688 nominatur
947 1651 1101 1689 nomine

277 1705 400 1755 Argo,
422 1705 499 1756 qua
516 1704 625 1753 vecti,
644 1704 782 1755 Argivi
799 1704 931 1742 delecti
949 1704 1019 1742 viri

278 1758 463 1796 Petebant
480 1759 587 1796 illam
604 1759 743 1809 pellem
760 1758 972 1795 inauratam
991 1757 1128 1807 arietis,

278 1812 442 1857 Colchis,
460 1812 617 1863 imperio
635 1811 731 1862 regis
750 1811 866 1849 Peliae
883 1824 950 1862 per
968 1811 1100 1849 dolum
1112 1826 1124 1850 ι

276 1865 384 1903 Nam
401 1877 600 1917 nunquam
617 1865 708 1904 hera
725 1876 850 1903 errans
866 1877 952 1903 mea
968 1864 1082 1904 domo
1104 1865 1248 1904 efferret
1263 1878 1330 1918 pe-

382 1918 470 1957 dem

275 1971 430 2020 Medea,
451 1973 577 2010 animo
595 1985 708 2023 aegra,
727 1983 854 2009 amore
871 1984 968 2010 saevo
986 1971 1151 2010 saucia.”

223 2046 330 2085 Nam
347 2046 412 2084 hic
429 2046 516 2084 satis
534 2053 612 2084 erat
629 2045 750 2084 dicere
769 2045 816 2089 (si
832 2044 873 2083 id
889 2044 1017 2094 modo,
1037 2044 1140 2097 quod
1157 2051 1252 2084 esset
1268 2058 1327 2084 sa-

221 2100 284 2147 tis,
305 2100 468 2138 curasset
484 2103 611 2151 poe'ta)

275 2173 478 2266 &Latinam
495 2186 544 2214 ne
560 2173 651 2213 hera
668 2185 794 2214 errans
811 2185 897 2214 mae,
908 2172 1022 2214 domo
1035 2172 1181 2214 efferret
1191 2172 1327 2226 pedem

326 2240 344 2266 e
372 2240 426 2266 ea.
