1466 2458
495 82 759 133 ORATOR,
780 83 886 123 cru».
902 84 969 123 33.
1246 85 1294 124 31

154 196 263 235 illam
282 200 404 232 artem
430 193 542 244 quasi
567 206 615 232 ex
634 193 755 232 altera
774 202 882 246 parte
901 194 1128 246 respondere
1148 194 1289 234 dialec-

156 251 269 296 ticae;
299 255 344 286 ut
370 247 443 286 hoc
463 247 639 286 videlicet
666 248 846 286 differant
864 249 964 287 inter
990 262 1044 295 se,
1072 249 1178 301 quod
1206 250 1289 288 haec

154 305 249 344 ratio
267 302 419 343 dicendi
436 302 549 340 latior
564 303 626 349 sit,
640 302 708 340 illa
723 303 908 355 loquendi
924 305 1161 343 contractior.
1183 304 1288 343 Volo

152 359 283 411 igitur,
303 358 395 396 huic
414 370 568 395 summo
583 370 754 404 omnem,
777 372 865 410 quae
884 357 934 396 ad
953 357 1159 397 dicendum
1185 359 1286 397 tradi

152 414 283 465 possit,
304 411 488 465 loquendi
514 412 703 451 rationem
729 426 808 451 esse
828 421 960 451 notam
967 409 990 476 Ι
1017 427 1105 465 quae
1125 413 1285 465 quidem

150 481 209 507 res
235 467 358 521 (quod.
377 475 415 506 te
432 467 492 505 his
510 467 657 506 artibus
676 467 873 505 eruditum
891 468 1053 506 mimine
1073 467 1190 515 fallit)
1210 468 1284 507 du-

148 523 288 575 plicem
307 522 423 561 habet
441 521 602 560 docendi
623 522 738 561 viam.
770 522 877 560 Nam
897 532 933 560 et
953 523 1035 574 ipse
1049 523 1281 562 Aristoteles

145 578 301 616 tradidit
325 584 515 629 praecepta
533 577 703 639 plurima
722 577 957 623 disserendi,
946 591 956 600 ·
987 585 1025 615 et
1042 585 1188 629 postea,
1210 578 1279 630 qui

144 632 331 672 dialectici
344 632 539 678 dicuntur,
554 632 764 684 spinosiora
778 632 904 670 multa
915 640 1157 684 pepererunt.
1171 632 1280 684 Ergo

144 700 236 726 eum
254 700 402 734 censeo,
423 686 491 739 qui
511 686 739 748 eloquentia}
764 686 880 725 laude
899 687 1077 735 ducatur,
1098 700 1177 725 non
1198 701 1278 726 esse

143 754 277 781 earum
306 754 436 780 rerum
461 741 620 780 omnino
644 741 796 789 rudem,
824 741 890 780 sed
917 742 978 780 vel
1005 742 1074 780 illa
1098 742 1277 794 antiqua,

143 797 205 836 vel
233 797 306 836 hac
338 796 547 849 Chrysippi
581 796 798 849 disciplina,
830 796 1066 836 institutum.
1111 797 1277 835 Noverit

140 851 312 902 primum
332 851 427 899 vim,
448 859 642 899 naturam,
663 864 804 903 genera
823 853 1044 899 verborum,
1066 859 1104 891 et
1126 852 1277 904 simpli-

139 905 259 955 cium,
281 914 319 946 et
336 907 634 973 copulatorum3
664 906 817 954 deinde,
844 912 940 958 quot
965 906 1090 945 modis
1102 907 1277 959 quidque

139 960 314 1007 dicatum
345 975 425 1013 qua
443 961 603 1008 ratione,
618 975 753 1001 verum
769 961 961 1000 falsumne
973 961 1034 1008 sit,
1053 962 1272 1012 judicetu13

137 1016 233 1067 quid
259 1016 445 1056 efficiatur
475 1029 496 1054 e
515 1029 697 1068 quoque;
728 1016 824 1068 quid
850 1016 913 1054 cui
943 1029 1179 1068 consequens
1207 1017 1271 1065 sit,

134 1071 307 1123 quidque
328 1071 560 1110 contrarium
577 1085 590 1116 ;
620 1084 789 1123 cumque
801 1071 983 1122 ambigue
996 1071 1121 1109 multa
1133 1072 1265 1110 dican-

133 1131 212 1174 tur,
242 1126 436 1178 quomodo
464 1125 638 1178 quidque
666 1139 801 1165 eorum
838 1125 958 1164 dividi
987 1126 1268 1178 explanarique

133 1188 318 1231 oporteat.
350 1181 448 1220 Haec
467 1180 634 1219 tenenda
653 1189 744 1219 sunt
762 1180 927 1220 oratori.
960 1194 1060 1232 saepe
1079 1181 1183 1219 enim
1203 1195 1268 1220 oc-

133 1243 306 1274 currunt.
336 1235 428 1282 Sed,
450 1235 542 1297 quia
560 1249 631 1274 sua
657 1243 792 1288 sponte
818 1235 1053 1288 squalidiora
1072 1243 1177 1283 sunt,
1199 1236 1268 1274 ad-

132 1288 324 1330 hibendus
349 1290 436 1341 erit,
462 1290 505 1328 in
530 1290 590 1329 his
617 1290 869 1344 explicandis,
897 1290 1060 1342 quidam
1085 1291 1268 1330 orationis

130 1343 245 1382 nitor.

185 1398 402 1438 XXXIII.
432 1399 502 1447 Et,
524 1399 710 1452 quoniam
733 1399 775 1437 in
794 1399 990 1446 omnibus,
1011 1413 1099 1451 quae
1118 1399 1267 1439 ratione

128 1452 315 1493 docentur
344 1462 382 1492 et
414 1454 491 1501 via,
523 1455 697 1506 primum
727 1454 1039 1493 constituendum
1070 1462 1140 1502 est,
1170 1455 1268 1507 quid

127 1508 302 1570 quidque
321 1509 370 1548 sit
389 1509 480 1553 (nisi
499 1509 604 1548 enim
622 1509 722 1548 inter
741 1522 818 1557 eos,
840 1509 909 1561 qui
927 1509 1154 1560 disceptent,
1175 1522 1268 1548 con

128 1563 247 1612 venit,
275 1563 372 1616 quid
401 1563 450 1602 sit
473 1563 588 1614 illud,
615 1564 663 1603 de
690 1577 768 1616 quo
794 1563 1030 1615 ambigitur,
1066 1577 1136 1603 nec
1161 1572 1264 1604 recte

124 1616 272 1667 disseri,
299 1631 370 1658 nec
397 1631 574 1671 unquam
609 1618 659 1657 ad
689 1619 839 1658 exitum
868 1618 1061 1671 perveniri
1085 1626 1260 1670 potest);

125 1673 355 1725 explicanda
379 1680 436 1713 est
461 1687 562 1726 saepe
588 1674 713 1713 verbis
738 1686 850 1712 mens
873 1680 1004 1712 nostra
1029 1673 1077 1712 de
1104 1688 1262 1727 quaque

125 1739 181 1775 re,
210 1735 327 1780 atque
353 1728 537 1768 involutae
564 1729 620 1767 rei
646 1728 785 1768 notitia
811 1727 1031 1767 definiendo
1053 1728 1262 1780 aperienda

123 1788 210 1829 aet3
239 1783 431 1845 siquidem
449 1783 623 1822 definitio
641 1790 698 1823 est
722 1784 859 1831 oratio,
880 1796 982 1836 quae,
1004 1783 1101 1834 quid
1125 1783 1176 1822 sit
1199 1786 1258 1834 id,

122 1835 175 1875 do
193 1850 271 1889 quo
289 1838 431 1889 agitur,
451 1838 618 1877 ostendit
636 1851 757 1891 quam
776 1837 1010 1877 brevissime.
1049 1837 1174 1888 Tum,
1196 1843 1260 1885 (ut

122 1890 211 1939 scis)
239 1892 430 1955 explicato
457 1905 596 1944 genere
624 1894 814 1945 cujusque
840 1893 910 1941 rei,
940 1891 1154 1931 videndum
1183 1903 1256 1946 est,

121 1958 211 1997 quae
229 1946 306 1986 sint
324 1948 407 1997 ejus
425 1947 575 1999 generis
600 1948 679 1987 sive
705 1947 856 1996 formae,
876 1947 956 1986 sive
980 1954 1123 1999 partes,
1143 1957 1189 1989 ut
1214 1951 1258 1991 in

121 2012 186 2038 eas
204 2001 398 2040 tribuatur
415 2002 542 2041 omnis
560 2002 694 2041 oratio.

173 2054 263 2093 Erit
279 2055 398 2107 igitur
415 2056 498 2095 haec
517 2056 710 2095 familtas
698 2070 740 2096 m
760 2070 819 2104 eo,
840 2069 960 2120 quem
979 2055 1160 2097 volumus
1175 2073 1257 2103 esse

120 2107 381 2161 eloquentem,
401 2119 447 2149 ut
473 2111 632 2150 definire
656 2125 740 2150 rem
764 2113 898 2164 possit,
919 2124 1046 2164 neque
1070 2111 1112 2149 id
1137 2113 1254 2156 faciat

119 2169 202 2201 tam
233 2177 359 2216 presse
388 2173 427 2204 et
455 2173 632 2217 anguste,
665 2180 785 2218 quam
812 2166 853 2205 in
881 2166 959 2205 illis
987 2165 1254 2210 eruditissimis

118 2216 443 2269 disputationibus
457 2220 539 2260 fieri
559 2221 679 2269 solet3
711 2221 777 2261 sed
788 2235 880 2262 cum
895 2219 1152 2274 explanatius,
1166 2230 1267 2267 tum'
