1456 2396
174 88 257 129 AD
276 86 651 136 HERENNIUM,
675 88 771 126 Lm.
788 87 867 127 111.
890 87 994 128 CAP.
1013 87 1072 126 12.
1118 89 1192 128 199

87 196 276 237 deratione
293 195 586 240 declamationis,
608 205 644 234 et
662 196 709 234 de
724 195 962 234 mollitudine
982 196 1093 244 vocis,
1110 209 1195 247 quae

86 248 253 289 maxime
281 250 484 288 necessaria
512 258 567 288 est
595 250 745 310 oratori,
771 250 951 300 quoniam
976 263 1020 288 ea
1044 263 1196 300 quoquc

84 303 336 342 moderatione
353 303 454 341 decl·
447 303 632 341 nnationis
651 310 901 354 eomparatur,
922 303 1124 341 dit-indum
1143 304 1197 341 vi-

83 357 205 397 detur.
245 356 416 396 Firmam
438 357 553 409 igitur
573 357 741 394 maxime
758 357 927 407 poterim
922 370 964 395 ιε
982 357 1021 394 in
1039 357 1197 395 dicendo

85 423 214 450 vocem
231 423 458 471 conservare,
478 410 508 448 si
522 423 639 462 quam
653 411 820 448 maxime
835 410 953 448 sedat
939 426 961 448 ι
975 419 1011 448 et
1025 410 1199 461 depressa

86 477 174 503 voce
200 464 383 516 principia
410 464 602 503 dicemus:
636 476 726 501 nam
751 464 833 501 laed
829 472 941 501 intur
965 464 1122 510 arteJiae,
1152 465 1197 508 si,

85 525 290 570 antequam
303 518 379 556 leni
393 531 481 556 voce
494 519 694 569 permulsae
710 526 811 564 sunt,
827 517 902 555 acri
921 519 1082 556 clamore
1096 531 1197 556 com-

85 572 272 623 pleantur.
299 571 431 610 Etiam
448 571 651 610 intervallis
665 571 897 622 longioribus
911 571 968 609 uti
982 572 1195 610 conveniet:

86 634 272 664 recreatur
299 626 401 664 enim
431 639 505 664 vox
534 625 682 677 spiritu,
707 634 743 664 et
764 625 907 663 arteriae
929 625 1115 663 reticendo
1138 639 1199 664 ac-

86 679 307 731 quieseunt:
338 686 375 717 et
396 680 618 718 continuum
640 680 843 718 clamorem
865 679 1066 724 remittere,
1092 688 1128 717 et
1151 680 1199 717 ad

85 745 297 771 sermonem
314 732 470 772 transire
487 741 654 784 oportet:
685 733 996 772 commutationes
1019 733 1119 770 enim
1143 733 1198 770 fa-

85 786 205 835 ciunt,
224 794 282 835 ut,
301 787 409 826 nullo
427 799 562 838 genere
580 787 679 825 vocis
697 787 830 834 effuso,
849 787 889 824 in
909 786 1014 824 omni
1035 799 1124 825 voce
1142 787 1199 824 in-

85 840 181 891 tegri
216 840 334 879 simus
350 855 360 878 :
404 848 441 879 et
471 849 600 879 acutas
635 841 734 879 vocis
765 841 1053 879 exclamationes
1085 841 1200 878 vitare

86 894 292 932 debemus:
316 894 412 933 ictus
431 895 532 932 enim
550 896 606 942 fit,
623 902 660 933 et
674 895 918 933 vulnerantur
932 894 1076 932 arteriae
1089 895 1200 932 acuta

86 955 201 999 atque
218 949 412 986 attenuata
429 948 542 987 nimis
560 949 850 992 acclamatione5
875 957 912 986 et
930 949 960 986 si
977 949 1062 999 quis
1076 949 1199 999 splen-

87 1001 156 1040 dor
180 1010 235 1040 est
255 1002 368 1050 vocis,
388 1002 621 1041 consumitur
639 1015 716 1040 uno
734 1003 896 1041 clamore
914 1002 1133 1040 universus:
1165 1013 1200 1040 et

87 1068 165 1093 uno
186 1056 320 1107 spiritu
342 1056 572 1095 continenter
589 1057 712 1094 multa
730 1056 849 1094 dicere
867 1056 906 1093 in
925 1056 1095 1094 extrema
1112 1068 1199 1093 con-

87 1109 190 1147 venit
206 1109 392 1148 oratione:
416 1110 542 1149 fauces
560 1109 661 1148 enim
681 1110 871 1158 calefiunt,
891 1118 928 1148 et
940 1110 1084 1148 arteriae
1099 1122 1200 1148 com-

87 1163 264 1214 plentur;
293 1170 331 1202 et
347 1176 436 1213 vox,
456 1177 544 1215 quae
561 1164 660 1202 varie
678 1171 835 1203 tractata
856 1171 924 1211 est,
947 1163 1139 1201 reducitur
1160 1164 1200 1201 in

86 1217 291 1268 quemdam
304 1229 440 1256 sonum
454 1218 679 1269 aequabilem
693 1226 806 1269 atque
820 1225 1063 1257 constantem.
1093 1218 1202 1269 Saepe

87 1283 214 1308 rerum
231 1278 376 1310 naturae
393 1272 513 1323 gratia
530 1272 739 1323 quaedam
724 1285 810 1321 jure
827 1272 998 1319 debetur,
1018 1271 1123 1309 velut
1140 1284 1202 1310 ac-

87 1324 205 1362 cidit
194 1337 235 1362 m
251 1325 323 1363 hac
340 1338 403 1364 re·
427 1338 532 1374 nam,
552 1339 638 1377 quae
656 1325 823 1363 diximus
841 1325 890 1363 ad
908 1337 1037 1363 vocem
1051 1338 1200 1363 servan-

88 1378 177 1416 dam
194 1378 380 1430 prodesse,
400 1379 531 1418 eadem
549 1380 708 1417 attinent
725 1379 774 1417 ad
793 1379 1014 1417 suavitatem
1033 1391 1201 1429 pronun-

88 1432 265 1479 tiationis,
284 1440 342 1481 ut,
361 1433 464 1484 quod
482 1440 616 1471 nostrae
634 1433 715 1471 voci
732 1433 861 1484 prosit,
884 1432 986 1470 idem
1009 1433 1202 1483 voluptate

88 1486 268 1524 auditoris
295 1488 485 1538 probetur.
527 1487 632 1526 Utile
656 1494 711 1526 est
734 1487 783 1524 ad
805 1486 1077 1524 finnitudinem
1102 1487 1202 1525 vocis

90 1539 218 1578 sedata
238 1552 312 1579 vox
332 1539 373 1577 in
396 1541 604 1592 principio.
634 1540 759 1592 quid
749 1541 955 1587 msuavius,
981 1553 1099 1591 quam
1125 1541 1200 1578 cla-

89 1606 174 1632 mor
189 1593 230 1632 in
244 1593 396 1632 exordio
409 1608 549 1634 causae.
540 1598 557 1623 ⁹
583 1595 788 1633 Intervalla
805 1607 934 1633 vocem
953 1594 1197 1633 confirmant:

90 1647 221 1685 eadem
249 1648 449 1687 sententias
477 1649 729 1687 concinniores
753 1648 933 1686 divisione
961 1648 1137 1695 reddunt,
1164 1656 1202 1686 et

89 1701 252 1740 auditori
268 1702 434 1754 spatium
451 1703 639 1754 cogitandi
656 1703 887 1755 relinquunt.
917 1701 1122 1741 conservat
1136 1714 1201 1740 vo-

90 1767 172 1793 cem
190 1755 358 1794 continui
375 1757 545 1795 clamoris
559 1756 744 1795 remissio.
770 1764 808 1795 et
821 1755 1030 1794 auditorem
1045 1755 1201 1807 quidem

90 1809 247 1848 varietas
281 1810 449 1849 maxime
484 1811 655 1858 delectat,
698 1823 787 1849 cum
823 1822 993 1848 sermone
1027 1810 1201 1847 animum

90 1863 173 1912 ejus
198 1863 345 1913 retinet,
377 1871 444 1903 aut
475 1864 675 1903 exsuscitat
705 1865 878 1903 clamore.
919 1864 1049 1902 Acuta
1077 1863 1171 1901 exc]
1172 1878 1201 1901 1-

89 1916 207 1955 matio
225 1929 353 1956 vocem
367 1926 404 1957 et
421 1918 546 1958 fauces
563 1919 758 1958 vulnerat:
784 1918 915 1957 eadem
933 1917 1037 1955 laedit
1054 1917 1200 1955 audito-

91 1982 196 2008 rem:
229 1970 343 2010 habet
369 1972 471 2010 enim
498 1972 681 2023 quiddam
704 1972 900 2019 illiberale,
927 1979 964 2009 et
992 1971 1040 2008 311
1065 1970 1201 2008 mulie-

91 2025 198 2062 brem
216 2023 341 2075 potius
358 2025 672 2074 vociferationem,
693 2039 809 2077 quam
834 2025 883 2063 ad
907 2025 1052 2063 virilem
1078 2024 1202 2074 digni-

91 2084 207 2115 tatem
232 2078 273 2115 in
290 2077 459 2127 dicendo,
485 2080 820 2118 accommodatum.
861 2080 910 2117 In
934 2078 1102 2117 extrema
1120 2090 1202 2114 ora-

92 2130 191 2168 tione
220 2132 411 2170 continens
440 2146 511 2172 vox
539 2134 702 2172 remedio
734 2141 787 2172 cst
818 2133 907 2171 voci.
951 2131 1089 2179 Quid?
1123 2131 1202 2168 haec

93 2184 223 2225 eadem
240 2198 364 2226 nonne
382 2188 555 2227 animum
572 2187 895 2228 vehementissime
913 2185 1078 2226 calefacit
1096 2184 1204 2223 audi.
