1456 2396
204 80 289 120 AD
309 79 690 132 HERENNIUM,
706 82 808 122 Lm.
823 82 900 122 IV.
916 82 1022 122 CAP.
1036 81 1105 120 41.
1133 82 1214 128 247

81 188 198 238 dices,
229 197 300 238 est,
328 192 398 243 qui
424 191 542 244 possit
570 192 660 231 satis
678 205 760 231 rem
779 191 961 243 consequi
978 190 1118 239 verbis,
1137 202 1210 229 nec

81 243 222 282 referre
240 245 410 285 oratione
420 246 728 297 magnitudinem
744 246 1011 285 calanfitatis.”
1041 245 1131 284 Hoc
1138 258 1211 296 rge-

82 308 174 335 nere
193 300 464 349 exornationis,
486 301 546 338 vel
563 300 776 352 indignatio
791 302 851 339 vel
865 298 1124 338 misericordia
1138 311 1211 350 po-

81 357 156 388 test
174 355 421 401 commoveri,
442 367 532 393 cum
550 368 609 393 res
633 362 906 406 consequentes
924 353 1208 405 comprehensae

80 404 268 445 universae
286 409 487 460 perspicua
505 409 671 448 breviter
688 410 959 460 exprimuntur
977 407 1158 446 oratione.

133 459 227 498 XL.
256 460 407 502 Divisio
421 470 490 507 est,
506 477 607 514 quae,
621 476 702 502 rem
717 476 915 502 semovens
929 464 978 500 ab
993 475 1047 510 re,
1060 469 1208 499 utram-

78 525 156 564 que
185 516 362 565 absolvit,
395 518 542 556 ratione
572 518 771 568 subjectam
800 517 873 555 hoc
904 516 1045 554 modo:
1077 518 1106 537 “
1123 515 1207 554 Cur

76 579 149 618 ego
166 581 271 608 nunc
285 571 356 609 tibi
374 572 590 624 quidquam
608 573 788 622 objiciam
803 574 820 610 ?
850 571 882 609 si
900 572 1042 622 probus
1057 583 1110 614 es,
1126 582 1206 607 non

75 623 251 662 meruisti
267 639 278 662 ε
308 625 367 664 sin
396 627 610 678 improbus,
640 639 719 665 non
741 625 1033 665 commoveris.”
1081 624 1200 671 Item,

78 676 108 698 ‘⁴
121 675 231 725 Quid
249 691 353 718 nunc
379 693 449 732 ego
477 681 524 719 de
551 681 647 719 meis
673 680 889 733 promeritis
907 678 1142 731 praedicem?
1172 677 1206 716 si

74 731 318 781 meministis,
339 735 577 773 obtundam:
609 736 667 774 sin
681 735 793 774 obliti
812 734 913 781 estis,
935 746 1025 771 cum
1044 745 1084 770 re
1102 731 1203 770 nihil

73 785 233 835 egerim,
265 788 361 839 quid
391 797 460 837 est,
493 790 598 841 quod
627 790 752 828 verbis
779 788 961 840 proficere
992 787 1136 838 possim
1153 786 1202 824 ἴθ’

72 838 191 887 Item,
213 844 243 864 ‘⁶
263 841 366 881 Duae
384 857 443 882 res
461 852 565 892 sunt,
587 858 675 896 quae
692 852 852 896 possunt
864 842 1037 881 homines
1053 841 1101 879 ad
1120 848 1204 878 tur-

71 906 122 944 pe
148 897 423 948 compendium
453 912 705 947 commovere,
731 898 862 950 inopia
886 905 1002 948 atque
1027 894 1199 933 avaritia.

72 947 134 986 Te
164 963 325 990 avarum
350 952 392 990 in
418 953 587 992 fratem&
613 954 797 992 divisione
823 951 1096 1002 cognovimus:
1140 949 1202 986 in-

71 1014 186 1054 opem
205 1012 322 1057 atque
336 1015 512 1058 egentem
532 1021 636 1046 nunc
647 1008 834 1046 videmus.
864 1007 947 1054 Qui
959 1013 1067 1057 potes
1081 1004 1202 1054 igitur

70 1059 282 1108 ostendere,
303 1074 459 1100 causam
476 1063 655 1101 maleficii
673 1075 750 1100 non
769 1062 886 1100 fuisse
901 1061 947 1099 ?”
980 1060 1086 1097 Inter
1100 1058 1202 1095 hanc

70 1110 312 1161 divisionem,
334 1123 371 1154 et
389 1116 498 1155 issam
519 1131 608 1169 quae
627 1117 674 1155 de
693 1117 867 1169 partibus
886 1113 1068 1153 orationis
1086 1112 1200 1151 tertia

70 1174 140 1215 est,
162 1167 227 1211 (de
245 1170 325 1222 qu'fa
342 1170 384 1208 in
398 1171 496 1210 libro
508 1172 634 1224 primo
649 1171 820 1209 diximus
835 1168 1047 1209 secundum
1066 1180 1200 1204 narra-

67 1219 230 1270 tionem)
248 1224 321 1264 hoc
339 1225 517 1264 interest:
539 1226 607 1264 ina
626 1226 762 1264 dividit
774 1239 842 1277 per
854 1221 1197 1269 enumerationem,

69 1282 138 1313 aut
166 1290 236 1328 per
254 1280 544 1331 expositionem,
575 1282 717 1332 quibus
737 1280 784 1318 de
809 1281 923 1317 rebus
941 1278 982 1315 in
1005 1276 1086 1315 tot&
1111 1288 1198 1314 ora-

67 1328 172 1369 t-ione
185 1331 394 1384 disputatio
411 1334 544 1373 futura
563 1336 611 1374 sit
627 1351 637 1374 ε
668 1335 749 1373 haec
765 1347 803 1373 se
818 1334 947 1372 statim
963 1331 1143 1382 explicat,
1160 1336 1198 1367 et

67 1384 175 1423 brevi
193 1386 344 1427 duabus
362 1397 430 1427 aut
455 1390 630 1441 pluribus
655 1390 828 1442 partibus
852 1387 1056 1437 subjiciens
1080 1385 1198 1424 ratio-

66 1450 149 1486 nes,
170 1451 330 1481 exornat
348 1444 571 1482 orationem.

123 1494 398 1547 Frequentatjo
410 1506 479 1546 est,
495 1512 583 1537 eum
595 1513 654 1538 res
665 1499 707 1537 in
718 1498 798 1537 tot&
811 1497 925 1537 caus-51
940 1496 1119 1548 dispersae
1133 1506 1198 1532 co-

64 1557 213 1599 guntur
230 1551 271 1589 in
286 1565 425 1601 unum,
439 1566 517 1605 quo
531 1554 696 1605 gravior,
710 1561 778 1592 aut
789 1553 923 1593 acrior.
938 1559 1003 1589 aut
1016 1549 1198 1589 crimino-

65 1602 142 1641 sior
155 1605 276 1644 oratio
288 1607 350 1656 sit,
364 1607 436 1646 hoc
450 1616 562 1659 paci-o
580 1624 590 1647 z
622 1610 651 1631 ‘⁶
671 1613 713 1646 A
733 1621 810 1660 quo
826 1606 981 1645 tandem
1002 1607 1108 1643 abest
1125 1603 1199 1641 iste

64 1657 193 1698 vitio?
223 1661 318 1712 quid
344 1669 413 1709 est,
439 1663 602 1712 judices,
632 1676 699 1702 cur
727 1663 851 1700 velitis
882 1674 972 1699 eum
996 1660 1158 1698 liberare
1174 1659 1194 1696 ’ἓ

65 1712 156 1751 Suae
173 1715 369 1766 pudicitiae
385 1718 558 1768 proditor
576 1725 646 1764 est,
670 1717 868 1756 insidiator
895 1716 1056 1758 alienae3
1087 1711 1197 1764 cupi-

66 1766 154 1816 dus,
188 1769 461 1823 intemperanS,
495 1773 688 1824 petulans,
722 1772 936 1823 superbus,
977 1768 1122 1820 impius
1154 1767 1198 1804 in

65 1831 256 1872 parentes,
269 1825 443 1877 ingratus
461 1826 502 1865 in
521 1828 679 1873 amicos,
699 1827 861 1865 infestus
878 1825 920 1863 in
940 1830 1134 1874 cognatos,
1153 1821 1198 1859 in

65 1878 276 1928 superiores
294 1889 518 1929 contumax,
542 1882 583 1920 in
609 1894 739 1934 aequos
765 1888 803 1920 et
827 1892 936 1932 pares
961 1877 1207 1922 fastidiosus,

62 1931 104 1969 in
118 1932 315 1973 inferiores
328 1932 506 1985 crudelis,
522 1937 689 1988 denique
701 1936 743 1974 in
755 1947 888 1974 omnes
902 1929 1196 1971 intolerabilis.'’

76 2008 80 2011 Δ
122 1987 240 2025 XLI.
286 1989 477 2039 Ejusdem
496 1991 644 2042 generis
663 1997 719 2029 est
736 1990 806 2028 ’ffla
822 1986 1093 2040 frequentatio,
1108 1998 1197 2036 quae

65 2042 282 2093 plurimum
324 2046 644 2095 conjecturalibus
679 2045 801 2084 causis
840 2043 1065 2095 opitulatur,
1105 2052 1196 2077 cum

66 2097 312 2148 suspiciones,
344 2112 447 2151 quae,
479 2101 686 2152 separatim
716 2099 841 2145 dictae,
870 2097 1032 2135 minutae
1062 2102 1099 2132 et
1135 2093 1196 2131 in-

65 2151 189 2189 firmae
219 2160 341 2201 erant,
370 2166 496 2192 unum
525 2155 567 2192 in
595 2156 726 2194 locum
759 2160 911 2199 coactae,
949 2163 1032 2188 rem
1063 2147 1195 2186 viden-

64 2213 130 2243 mr
156 2207 398 2260 perspicuam
426 2209 562 2256 facere,
583 2222 662 2249 non
682 2208 945 2260 suspiciosam,
965 2205 1037 2244 hoc
1056 2209 1167 2254 pacto
1181 2216 1211 2239 :1
