<?xml version="1.0" encoding="UTF-8"?>
<!DOCTYPE html PUBLIC "-//W3C//DTD XHTML 1.0 Transitional//EN"
    "http://www.w3.org/TR/xhtml1/DTD/xhtml1-transitional.dtd">
<html xmlns="http://www.w3.org/1999/xhtml" xml:lang="en" lang="en">
 <head>
  <title>
</title>
<meta http-equiv="Content-Type" content="text/html;charset=utf-8" />
  <meta name='ocr-system' content='tesseract 3.04.00' />
  <meta name='ocr-capabilities' content='ocr_page ocr_carea ocr_par ocr_line ocrx_word'/>
</head>
<body>
  <div class='ocr_page' id='page_1' title='image "./operaern02ciceuoft_0365.png"; bbox 0 0 1456 2396; ppageno 0'>
   <div class='ocr_carea' id='block_1_1' title="bbox 335 61 1267 113">
    <p class='ocr_par' dir='ltr' id='par_1_1' title="bbox 335 61 1267 113">
     <span class='ocr_line' id='line_1_1' title="bbox 335 61 1267 113; baseline -0.001 -11"><span class='ocrx_word' id='word_1_1' title='bbox 335 62 414 102; x_wconf 89' lang='lat' dir='ltr'>DE</span> <span class='ocrx_word' id='word_1_2' title='bbox 443 61 695 113; x_wconf 88' lang='lat' dir='ltr'>FINIBUS,</span> <span class='ocrx_word' id='word_1_3' title='bbox 725 61 826 100; x_wconf 78' lang='lat' dir='ltr'>Lm.</span> <span class='ocrx_word' id='word_1_4' title='bbox 849 62 883 101; x_wconf 92' lang='grc' dir='ltr'>Ι.</span> <span class='ocrx_word' id='word_1_5' title='bbox 913 61 1019 102; x_wconf 82' lang='lat' dir='ltr'><strong>CAP.</strong></span> <span class='ocrx_word' id='word_1_6' title='bbox 1040 63 1078 101; x_wconf 90' lang='lat'>3.</span> <span class='ocrx_word' id='word_1_7' title='bbox 1191 62 1267 101; x_wconf 81' lang='lat'>351</span> 
     </span>
    </p>
   </div>
   <div class='ocr_carea' id='block_1_2' title="bbox 144 170 1282 441">
    <p class='ocr_par' dir='ltr' id='par_1_2' title="bbox 144 170 1282 441">
     <span class='ocr_line' id='line_1_2' title="bbox 148 170 1277 223; baseline -0.001 -13"><span class='ocrx_word' id='word_1_8' title='bbox 148 171 314 223; x_wconf 80' lang='lat' dir='ltr'><strong>ephebos</strong></span> <span class='ocrx_word' id='word_1_9' title='bbox 346 184 431 223; x_wconf 82' lang='lat' dir='ltr'>ego,</span> <span class='ocrx_word' id='word_1_10' title='bbox 463 170 605 223; x_wconf 85' lang='lat' dir='ltr'>inquit,</span> <span class='ocrx_word' id='word_1_11' title='bbox 635 170 764 223; x_wconf 82' lang='lat' dir='ltr'>potius</span> <span class='ocrx_word' id='word_1_12' title='bbox 790 171 953 219; x_wconf 72' lang='lat' dir='ltr'>Caecilii,</span> <span class='ocrx_word' id='word_1_13' title='bbox 986 179 1054 210; x_wconf 88' lang='lat' dir='ltr'>aut</span> <span class='ocrx_word' id='word_1_14' title='bbox 1082 171 1277 209; x_wconf 78' lang='lat' dir='ltr'><strong>Andriam</strong></span> 
     </span>
     <span class='ocr_line' id='line_1_3' title="bbox 147 226 1279 277; baseline 0 -14"><span class='ocrx_word' id='word_1_15' title='bbox 147 226 333 273; x_wconf 75' lang='lat' dir='ltr'>Terentii,</span> <span class='ocrx_word' id='word_1_16' title='bbox 354 239 474 277; x_wconf 90' lang='lat' dir='ltr'>quam</span> <span class='ocrx_word' id='word_1_17' title='bbox 492 233 698 277; x_wconf 86' lang='lat' dir='ltr'>utramque</span> <span class='ocrx_word' id='word_1_18' title='bbox 717 226 926 264; x_wconf 78' lang='lat' dir='ltr'>Menandri</span> <span class='ocrx_word' id='word_1_19' title='bbox 944 227 1073 277; x_wconf 87' lang='lat' dir='ltr'>legam</span> <span class='ocrx_word' id='word_1_20' title='bbox 1087 228 1105 264; x_wconf 68' lang='lat'>‚⁹</span> <span class='ocrx_word' id='word_1_21' title='bbox 1134 226 1173 263; x_wconf 81' lang='lat' dir='ltr'>A</span> <span class='ocrx_word' id='word_1_22' title='bbox 1191 226 1279 277; x_wconf 91' lang='lat' dir='ltr'>qui-</span> 
     </span>
     <span class='ocr_line' id='line_1_4' title="bbox 148 280 1282 332; baseline 0 -14"><span class='ocrx_word' id='word_1_23' title='bbox 148 281 221 318; x_wconf 85' lang='lat' dir='ltr'>bus</span> <span class='ocrx_word' id='word_1_24' title='bbox 240 287 392 318; x_wconf 86' lang='lat' dir='ltr'>tantum</span> <span class='ocrx_word' id='word_1_25' title='bbox 412 280 607 329; x_wconf 88' lang='lat' dir='ltr'>dissentio,</span> <span class='ocrx_word' id='word_1_26' title='bbox 632 288 690 329; x_wconf 90' lang='lat' dir='ltr'>ut,</span> <span class='ocrx_word' id='word_1_27' title='bbox 715 293 805 318; x_wconf 88' lang='lat' dir='ltr'>cum</span> <span class='ocrx_word' id='word_1_28' title='bbox 833 281 1038 332; x_wconf 85' lang='lat' dir='ltr'>Sophocles</span> <span class='ocrx_word' id='word_1_29' title='bbox 1056 281 1118 318; x_wconf 80' lang='lat' dir='ltr'>vel</span> <span class='ocrx_word' id='word_1_30' title='bbox 1136 281 1282 332; x_wconf 84' lang='lat' dir='ltr'>optime</span> 
     </span>
     <span class='ocr_line' id='line_1_5' title="bbox 146 334 1282 385; baseline 0 -13"><span class='ocrx_word' id='word_1_31' title='bbox 146 335 336 385; x_wconf 83' lang='lat' dir='ltr'>scripserit</span> <span class='ocrx_word' id='word_1_32' title='bbox 364 334 576 382; x_wconf 83' lang='lat' dir='ltr'>Electram,</span> <span class='ocrx_word' id='word_1_33' title='bbox 607 342 737 372; x_wconf 87' lang='lat' dir='ltr'>tamen</span> <span class='ocrx_word' id='word_1_34' title='bbox 768 335 871 373; x_wconf 87' lang='lat' dir='ltr'>male</span> <span class='ocrx_word' id='word_1_35' title='bbox 899 347 1120 373; x_wconf 83' lang='lat' dir='ltr'>conversam</span> <span class='ocrx_word' id='word_1_36' title='bbox 1148 334 1282 372; x_wconf 86' lang='lat' dir='ltr'>Attilii</span> 
     </span>
     <span class='ocr_line' id='line_1_6' title="bbox 144 389 1021 441; baseline 0.001 -15"><span class='ocrx_word' id='word_1_37' title='bbox 144 389 243 426; x_wconf 89' lang='lat' dir='ltr'>mihi</span> <span class='ocrx_word' id='word_1_38' title='bbox 260 389 463 440; x_wconf 87' lang='lat' dir='ltr'>legendam</span> <span class='ocrx_word' id='word_1_39' title='bbox 482 397 640 441; x_wconf 88' lang='lat' dir='ltr'>putem:</span> <span class='ocrx_word' id='word_1_40' title='bbox 667 389 714 427; x_wconf 90' lang='lat' dir='ltr'>de</span> <span class='ocrx_word' id='word_1_41' title='bbox 734 402 811 440; x_wconf 85' lang='lat' dir='ltr'>quo</span> <span class='ocrx_word' id='word_1_42' title='bbox 832 389 1021 438; x_wconf 84' lang='lat' dir='ltr'>Licinius,</span> 
     </span>
    </p>
   </div>
   <div class='ocr_carea' id='block_1_3' title="bbox 198 464 1281 625">
    <p class='ocr_par' dir='ltr' id='par_1_3' title="bbox 198 464 1281 625">
     <span class='ocr_line' id='line_1_7' title="bbox 202 464 1281 518; baseline 0 -16"><span class='ocrx_word' id='word_1_43' title='bbox 202 465 231 486; x_wconf 73' lang='lat'>‘⁴</span> <span class='ocrx_word' id='word_1_44' title='bbox 247 464 434 503; x_wconf 83' lang='lat' dir='ltr'>Ferreum</span> <span class='ocrx_word' id='word_1_45' title='bbox 449 465 693 517; x_wconf 80' lang='lat' dir='ltr'>scriptorem3</span> <span class='ocrx_word' id='word_1_46' title='bbox 719 477 868 513; x_wconf 79' lang='lat' dir='ltr'>verum,</span> <span class='ocrx_word' id='word_1_47' title='bbox 890 466 1038 518; x_wconf 77' lang='lat' dir='ltr'>opinor,</span> <span class='ocrx_word' id='word_1_48' title='bbox 1059 464 1281 517; x_wconf 84' lang='lat' dir='ltr'>scriptorem</span> 
     </span>
     <span class='ocr_line' id='line_1_8' title="bbox 362 527 507 567; baseline -0.007 -10"><span class='ocrx_word' id='word_1_49' title='bbox 362 527 507 567; x_wconf 90' lang='lat' dir='ltr'>tamen,</span> 
     </span>
     <span class='ocr_line' id='line_1_9' title="bbox 198 572 568 625; baseline 0.003 -14"><span class='ocrx_word' id='word_1_50' title='bbox 198 572 256 611; x_wconf 86' lang='lat' dir='ltr'>Ut</span> <span class='ocrx_word' id='word_1_51' title='bbox 273 573 459 625; x_wconf 83' lang='lat' dir='ltr'>legendus</span> <span class='ocrx_word' id='word_1_52' title='bbox 477 573 568 612; x_wconf 86' lang='lat' dir='ltr'>sit.&#39;&#39;</span> 
     </span>
    </p>
   </div>
   <div class='ocr_carea' id='block_1_4' title="bbox 141 655 1282 870">
    <p class='ocr_par' dir='ltr' id='par_1_4' title="bbox 141 655 1282 870">
     <span class='ocr_line' id='line_1_10' title="bbox 144 655 1280 707; baseline 0.001 -14"><span class='ocrx_word' id='word_1_53' title='bbox 144 655 302 694; x_wconf 86' lang='lat' dir='ltr'>Rudem</span> <span class='ocrx_word' id='word_1_54' title='bbox 322 656 425 694; x_wconf 87' lang='lat' dir='ltr'>enirn</span> <span class='ocrx_word' id='word_1_55' title='bbox 445 669 524 695; x_wconf 87' lang='lat' dir='ltr'>esse</span> <span class='ocrx_word' id='word_1_56' title='bbox 541 656 700 694; x_wconf 87' lang='lat' dir='ltr'>omnino</span> <span class='ocrx_word' id='word_1_57' title='bbox 717 655 758 694; x_wconf 87' lang='lat' dir='ltr'>in</span> <span class='ocrx_word' id='word_1_58' title='bbox 777 655 914 695; x_wconf 86' lang='lat' dir='ltr'>nostris</span> <span class='ocrx_word' id='word_1_59' title='bbox 933 656 1068 707; x_wconf 55' lang='lat' dir='ltr'>potitis,</span> <span class='ocrx_word' id='word_1_60' title='bbox 1089 663 1157 694; x_wconf 86' lang='lat' dir='ltr'>aut</span> <span class='ocrx_word' id='word_1_61' title='bbox 1179 656 1280 694; x_wconf 88' lang='lat' dir='ltr'>iner-</span> 
     </span>
     <span class='ocr_line' id='line_1_11' title="bbox 142 710 1282 762; baseline 0.001 -15"><span class='ocrx_word' id='word_1_62' title='bbox 142 710 300 755; x_wconf 74' lang='lat' dir='ltr'>tissimae</span> <span class='ocrx_word' id='word_1_63' title='bbox 325 711 496 762; x_wconf 85' lang='lat' dir='ltr'>segnitiae</span> <span class='ocrx_word' id='word_1_64' title='bbox 521 719 591 760; x_wconf 89' lang='lat' dir='ltr'>est,</span> <span class='ocrx_word' id='word_1_65' title='bbox 618 719 686 749; x_wconf 87' lang='lat' dir='ltr'>aut</span> <span class='ocrx_word' id='word_1_66' title='bbox 707 710 850 750; x_wconf 86' lang='lat' dir='ltr'>fastidii</span> <span class='ocrx_word' id='word_1_67' title='bbox 869 710 1137 749; x_wconf 83' lang='lat' dir='ltr'>delicatissimi.</span> <span class='ocrx_word' id='word_1_68' title='bbox 1175 710 1282 748; x_wconf 83' lang='lat' dir='ltr'>Mihi</span> 
     </span>
     <span class='ocr_line' id='line_1_12' title="bbox 141 764 1280 816; baseline 0.001 -14"><span class='ocrx_word' id='word_1_69' title='bbox 141 764 302 816; x_wconf 90' lang='lat' dir='ltr'>quidem</span> <span class='ocrx_word' id='word_1_70' title='bbox 334 766 434 803; x_wconf 86' lang='lat' dir='ltr'>nulli</span> <span class='ocrx_word' id='word_1_71' title='bbox 464 765 553 804; x_wconf 84' lang='lat' dir='ltr'>satis</span> <span class='ocrx_word' id='word_1_72' title='bbox 586 765 726 804; x_wconf 81' lang='lat' dir='ltr'>eruditi</span> <span class='ocrx_word' id='word_1_73' title='bbox 754 765 946 813; x_wconf 86' lang='lat' dir='ltr'>videntur,</span> <span class='ocrx_word' id='word_1_74' title='bbox 979 765 1120 816; x_wconf 90' lang='lat' dir='ltr'>quibus</span> <span class='ocrx_word' id='word_1_75' title='bbox 1151 772 1280 803; x_wconf 87' lang='lat' dir='ltr'>nostra</span> 
     </span>
     <span class='ocr_line' id='line_1_13' title="bbox 142 819 511 870; baseline 0.005 -14"><span class='ocrx_word' id='word_1_76' title='bbox 142 819 275 870; x_wconf 87' lang='lat' dir='ltr'>ignota</span> <span class='ocrx_word' id='word_1_77' title='bbox 293 827 395 858; x_wconf 81' lang='lat' dir='ltr'>sunt.</span> <span class='ocrx_word' id='word_1_78' title='bbox 423 821 511 869; x_wconf 90' lang='lat' dir='ltr'>An,</span> 
     </span>
    </p>
   </div>
   <div class='ocr_carea' id='block_1_5' title="bbox 201 894 903 935">
    <p class='ocr_par' dir='ltr' id='par_1_5' title="bbox 201 894 903 935">
     <span class='ocr_line' id='line_1_14' title="bbox 201 894 903 935; baseline 0.003 -2"><span class='ocrx_word' id='word_1_79' title='bbox 201 896 230 916; x_wconf 74' lang='lat'>‘⁶</span> <span class='ocrx_word' id='word_1_80' title='bbox 247 894 412 933; x_wconf 87' lang='lat' dir='ltr'>Utinam</span> <span class='ocrx_word' id='word_1_81' title='bbox 431 907 480 934; x_wconf 92' lang='lat' dir='ltr'>ne</span> <span class='ocrx_word' id='word_1_82' title='bbox 498 895 540 933; x_wconf 92' lang='lat' dir='ltr'>in</span> <span class='ocrx_word' id='word_1_83' title='bbox 558 895 742 933; x_wconf 87' lang='lat' dir='ltr'>nemore”</span> <span class='ocrx_word' id='word_1_84' title='bbox 749 925 903 935; x_wconf 88' lang='grc'><strong>........</strong></span> 
     </span>
    </p>
   </div>
   <div class='ocr_carea' id='block_1_6' title="bbox 135 983 1282 2185">
    <p class='ocr_par' dir='ltr' id='par_1_6' title="bbox 141 983 1282 1148">
     <span class='ocr_line' id='line_1_15' title="bbox 144 983 1282 1039; baseline 0 -17"><span class='ocrx_word' id='word_1_85' title='bbox 144 983 266 1023; x_wconf 89' lang='lat' dir='ltr'>nihilo</span> <span class='ocrx_word' id='word_1_86' title='bbox 280 985 410 1024; x_wconf 89' lang='lat' dir='ltr'>minus</span> <span class='ocrx_word' id='word_1_87' title='bbox 428 986 608 1038; x_wconf 88' lang='lat' dir='ltr'>legimus,</span> <span class='ocrx_word' id='word_1_88' title='bbox 626 999 745 1039; x_wconf 86' lang='lat' dir='ltr'>quam</span> <span class='ocrx_word' id='word_1_89' title='bbox 759 986 832 1025; x_wconf 93' lang='lat' dir='ltr'>hoc</span> <span class='ocrx_word' id='word_1_90' title='bbox 845 986 949 1025; x_wconf 89' lang='lat' dir='ltr'>idem</span> <span class='ocrx_word' id='word_1_91' title='bbox 966 985 1170 1030; x_wconf 83' lang='lat' dir='ltr'>Graecum3</span> <span class='ocrx_word' id='word_1_92' title='bbox 1194 998 1282 1036; x_wconf 82' lang='lat' dir='ltr'>quae</span> 
     </span>
     <span class='ocr_line' id='line_1_16' title="bbox 142 1039 1277 1093; baseline 0 -16"><span class='ocrx_word' id='word_1_93' title='bbox 142 1046 274 1077; x_wconf 87' lang='lat' dir='ltr'>autem</span> <span class='ocrx_word' id='word_1_94' title='bbox 293 1039 341 1078; x_wconf 90' lang='lat' dir='ltr'>de</span> <span class='ocrx_word' id='word_1_95' title='bbox 359 1041 457 1079; x_wconf 88' lang='lat' dir='ltr'>bene</span> <span class='ocrx_word' id='word_1_96' title='bbox 475 1043 662 1093; x_wconf 86' lang='lat' dir='ltr'>beateque</span> <span class='ocrx_word' id='word_1_97' title='bbox 677 1041 839 1079; x_wconf 83' lang='lat' dir='ltr'>vivendo</span> <span class='ocrx_word' id='word_1_98' title='bbox 858 1055 881 1079; x_wconf 93' lang='lat' dir='ltr'>a</span> <span class='ocrx_word' id='word_1_99' title='bbox 901 1041 1064 1079; x_wconf 90' lang='lat' dir='ltr'>Platone</span> <span class='ocrx_word' id='word_1_100' title='bbox 1082 1040 1277 1091; x_wconf 87' lang='lat' dir='ltr'>disputata</span> 
     </span>
     <span class='ocr_line' id='line_1_17' title="bbox 141 1094 1024 1148; baseline 0.003 -17"><span class='ocrx_word' id='word_1_101' title='bbox 141 1101 246 1141; x_wconf 87' lang='lat' dir='ltr'>sunt,</span> <span class='ocrx_word' id='word_1_102' title='bbox 266 1094 349 1133; x_wconf 87' lang='lat' dir='ltr'>haec</span> <span class='ocrx_word' id='word_1_103' title='bbox 367 1095 550 1147; x_wconf 85' lang='lat' dir='ltr'>explicari</span> <span class='ocrx_word' id='word_1_104' title='bbox 568 1108 646 1134; x_wconf 91' lang='lat' dir='ltr'>non</span> <span class='ocrx_word' id='word_1_105' title='bbox 666 1096 831 1148; x_wconf 89' lang='lat' dir='ltr'>placebit</span> <span class='ocrx_word' id='word_1_106' title='bbox 851 1095 1024 1134; x_wconf 86' lang='lat' dir='ltr'>Latine?</span> 
     </span>
    </p>

    <p class='ocr_par' dir='ltr' id='par_1_7' title="bbox 135 1148 1279 2130">
     <span class='ocr_line' id='line_1_18' title="bbox 195 1148 1275 1202; baseline 0 -16"><span class='ocrx_word' id='word_1_107' title='bbox 195 1148 315 1196; x_wconf 91' lang='lat' dir='ltr'>Quod</span> <span class='ocrx_word' id='word_1_108' title='bbox 340 1149 372 1188; x_wconf 90' lang='lat' dir='ltr'>si</span> <span class='ocrx_word' id='word_1_109' title='bbox 396 1162 466 1188; x_wconf 92' lang='lat' dir='ltr'>nos</span> <span class='ocrx_word' id='word_1_110' title='bbox 491 1163 569 1188; x_wconf 90' lang='lat' dir='ltr'>non</span> <span class='ocrx_word' id='word_1_111' title='bbox 591 1150 845 1202; x_wconf 86' lang='lat' dir='ltr'>interpretum</span> <span class='ocrx_word' id='word_1_112' title='bbox 871 1150 1075 1201; x_wconf 85' lang='lat' dir='ltr'>fungimur</span> <span class='ocrx_word' id='word_1_113' title='bbox 1099 1161 1275 1198; x_wconf 86' lang='lat' dir='ltr'>munere,</span> 
     </span>
     <span class='ocr_line' id='line_1_19' title="bbox 140 1202 1275 1257; baseline 0 -16"><span class='ocrx_word' id='word_1_114' title='bbox 140 1202 207 1241; x_wconf 80' lang='lat' dir='ltr'>sed</span> <span class='ocrx_word' id='word_1_115' title='bbox 225 1210 381 1242; x_wconf 89' lang='lat' dir='ltr'>tuemur</span> <span class='ocrx_word' id='word_1_116' title='bbox 399 1217 444 1242; x_wconf 90' lang='lat' dir='ltr'>ea</span> <span class='ocrx_word' id='word_1_117' title='bbox 462 1218 550 1257; x_wconf 87' lang='lat' dir='ltr'>quae</span> <span class='ocrx_word' id='word_1_118' title='bbox 568 1205 670 1243; x_wconf 88' lang='lat' dir='ltr'>dicta</span> <span class='ocrx_word' id='word_1_119' title='bbox 688 1214 778 1243; x_wconf 87' lang='lat' dir='ltr'>sunt</span> <span class='ocrx_word' id='word_1_120' title='bbox 797 1206 845 1243; x_wconf 89' lang='lat' dir='ltr'>ab</span> <span class='ocrx_word' id='word_1_121' title='bbox 864 1205 910 1243; x_wconf 92' lang='lat' dir='ltr'>iis</span> <span class='ocrx_word' id='word_1_122' title='bbox 930 1217 1025 1256; x_wconf 90' lang='lat' dir='ltr'>quos</span> <span class='ocrx_word' id='word_1_123' title='bbox 1052 1206 1275 1255; x_wconf 88' lang='lat' dir='ltr'>probamus,</span> 
     </span>
     <span class='ocr_line' id='line_1_20' title="bbox 141 1258 1279 1310; baseline 0 -14"><span class='ocrx_word' id='word_1_124' title='bbox 141 1258 272 1310; x_wconf 88' lang='lat' dir='ltr'>eisque</span> <span class='ocrx_word' id='word_1_125' title='bbox 290 1266 465 1298; x_wconf 90' lang='lat' dir='ltr'>nostrum</span> <span class='ocrx_word' id='word_1_126' title='bbox 487 1259 693 1310; x_wconf 90' lang='lat' dir='ltr'>judicium,</span> <span class='ocrx_word' id='word_1_127' title='bbox 719 1268 756 1298; x_wconf 91' lang='lat' dir='ltr'>et</span> <span class='ocrx_word' id='word_1_128' title='bbox 774 1267 949 1298; x_wconf 91' lang='lat' dir='ltr'>nostrum</span> <span class='ocrx_word' id='word_1_129' title='bbox 970 1258 1157 1297; x_wconf 89' lang='lat' dir='ltr'>scribendi</span> <span class='ocrx_word' id='word_1_130' title='bbox 1177 1258 1279 1296; x_wconf 87' lang='lat' dir='ltr'>ordi-</span> 
     </span>
     <span class='ocr_line' id='line_1_21' title="bbox 141 1312 1279 1366; baseline 0 -16"><span class='ocrx_word' id='word_1_131' title='bbox 141 1325 231 1350; x_wconf 89' lang='lat' dir='ltr'>nem</span> <span class='ocrx_word' id='word_1_132' title='bbox 251 1312 526 1365; x_wconf 80' lang='lat' dir='ltr'>adjungimus3</span> <span class='ocrx_word' id='word_1_133' title='bbox 557 1315 652 1366; x_wconf 88' lang='lat' dir='ltr'>quid</span> <span class='ocrx_word' id='word_1_134' title='bbox 676 1314 835 1362; x_wconf 91' lang='lat' dir='ltr'>habent,</span> <span class='ocrx_word' id='word_1_135' title='bbox 863 1327 931 1352; x_wconf 89' lang='lat' dir='ltr'>cur</span> <span class='ocrx_word' id='word_1_136' title='bbox 958 1313 1094 1351; x_wconf 85' lang='lat' dir='ltr'>Graeca</span> <span class='ocrx_word' id='word_1_137' title='bbox 1119 1321 1279 1364; x_wconf 88' lang='lat' dir='ltr'>antepo-</span> 
     </span>
     <span class='ocr_line' id='line_1_22' title="bbox 139 1368 1278 1421; baseline -0.001 -16"><span class='ocrx_word' id='word_1_138' title='bbox 139 1375 235 1406; x_wconf 87' lang='lat' dir='ltr'>nant</span> <span class='ocrx_word' id='word_1_139' title='bbox 254 1368 300 1406; x_wconf 89' lang='lat' dir='ltr'>iis</span> <span class='ocrx_word' id='word_1_140' title='bbox 319 1381 407 1421; x_wconf 90' lang='lat' dir='ltr'>quae</span> <span class='ocrx_word' id='word_1_141' title='bbox 432 1375 469 1406; x_wconf 91' lang='lat' dir='ltr'>et</span> <span class='ocrx_word' id='word_1_142' title='bbox 495 1368 693 1420; x_wconf 83' lang='lat' dir='ltr'>splendide</span> <span class='ocrx_word' id='word_1_143' title='bbox 718 1369 819 1406; x_wconf 87' lang='lat' dir='ltr'>dicta</span> <span class='ocrx_word' id='word_1_144' title='bbox 839 1369 928 1416; x_wconf 87' lang='lat' dir='ltr'>sint,</span> <span class='ocrx_word' id='word_1_145' title='bbox 949 1381 1074 1419; x_wconf 88' lang='lat' dir='ltr'>neque</span> <span class='ocrx_word' id='word_1_146' title='bbox 1094 1368 1169 1405; x_wconf 84' lang='lat' dir='ltr'>sint</span> <span class='ocrx_word' id='word_1_147' title='bbox 1188 1380 1278 1405; x_wconf 85' lang='lat' dir='ltr'>con-</span> 
     </span>
     <span class='ocr_line' id='line_1_23' title="bbox 140 1422 1278 1471; baseline -0.001 -11"><span class='ocrx_word' id='word_1_148' title='bbox 140 1435 249 1461; x_wconf 89' lang='lat' dir='ltr'>versa</span> <span class='ocrx_word' id='word_1_149' title='bbox 277 1422 325 1461; x_wconf 92' lang='lat' dir='ltr'>de</span> <span class='ocrx_word' id='word_1_150' title='bbox 356 1423 500 1461; x_wconf 87' lang='lat' dir='ltr'>Graecis</span> <span class='ocrx_word' id='word_1_151' title='bbox 515 1425 533 1462; x_wconf 76' lang='grc' dir='ltr'>Ρ</span> <span class='ocrx_word' id='word_1_152' title='bbox 575 1423 696 1471; x_wconf 83' lang='grc' dir='ltr'><strong>Ν3111,</strong></span> <span class='ocrx_word' id='word_1_153' title='bbox 727 1423 759 1461; x_wconf 85' lang='lat' dir='ltr'>si</span> <span class='ocrx_word' id='word_1_154' title='bbox 783 1423 924 1470; x_wconf 84' lang='lat' dir='ltr'>dicent,</span> <span class='ocrx_word' id='word_1_155' title='bbox 951 1424 999 1461; x_wconf 90' lang='lat' dir='ltr'>ab</span> <span class='ocrx_word' id='word_1_156' title='bbox 1026 1422 1101 1460; x_wconf 87' lang='lat' dir='ltr'>illis</span> <span class='ocrx_word' id='word_1_157' title='bbox 1124 1422 1193 1460; x_wconf 83' lang='lat' dir='ltr'>has</span> <span class='ocrx_word' id='word_1_158' title='bbox 1219 1435 1278 1460; x_wconf 91' lang='lat' dir='ltr'>res</span> 
     </span>
     <span class='ocr_line' id='line_1_24' title="bbox 139 1477 1279 1530; baseline -0.001 -15"><span class='ocrx_word' id='word_1_159' title='bbox 139 1489 218 1515; x_wconf 90' lang='lat' dir='ltr'>esse</span> <span class='ocrx_word' id='word_1_160' title='bbox 238 1484 441 1523; x_wconf 83' lang='lat' dir='ltr'>tractatas,</span> <span class='ocrx_word' id='word_1_161' title='bbox 430 1491 440 1501; x_wconf 90' lang='lat'><strong>·</strong></span> <span class='ocrx_word' id='word_1_162' title='bbox 471 1490 521 1516; x_wconf 89' lang='lat' dir='ltr'>ne</span> <span class='ocrx_word' id='word_1_163' title='bbox 546 1477 647 1529; x_wconf 83' lang='lat' dir='ltr'>ipsos</span> <span class='ocrx_word' id='word_1_164' title='bbox 672 1477 830 1530; x_wconf 86' lang='lat' dir='ltr'>quidem</span> <span class='ocrx_word' id='word_1_165' title='bbox 858 1479 1013 1515; x_wconf 82' lang='lat' dir='ltr'>Graecos</span> <span class='ocrx_word' id='word_1_166' title='bbox 1036 1484 1091 1515; x_wconf 88' lang='lat' dir='ltr'>est</span> <span class='ocrx_word' id='word_1_167' title='bbox 1111 1490 1178 1515; x_wconf 89' lang='lat' dir='ltr'>cur</span> <span class='ocrx_word' id='word_1_168' title='bbox 1197 1483 1279 1514; x_wconf 79' lang='lat' dir='ltr'>tam</span> 
     </span>
     <span class='ocr_line' id='line_1_25' title="bbox 138 1531 1279 1594; baseline 0 -25"><span class='ocrx_word' id='word_1_169' title='bbox 138 1532 284 1570; x_wconf 87' lang='lat' dir='ltr'>multos</span> <span class='ocrx_word' id='word_1_170' title='bbox 302 1532 447 1584; x_wconf 86' lang='lat' dir='ltr'>legant,</span> <span class='ocrx_word' id='word_1_171' title='bbox 469 1545 588 1584; x_wconf 86' lang='lat' dir='ltr'>quam</span> <span class='ocrx_word' id='word_1_172' title='bbox 607 1532 760 1594; x_wconf 81' lang='lat' dir='ltr'>legendi</span> <span class='ocrx_word' id='word_1_173' title='bbox 780 1539 882 1570; x_wconf 85' lang='lat' dir='ltr'>sunt.</span> <span class='ocrx_word' id='word_1_174' title='bbox 918 1531 1028 1580; x_wconf 85' lang='lat' dir='ltr'>Quid</span> <span class='ocrx_word' id='word_1_175' title='bbox 1054 1531 1157 1570; x_wconf 89' lang='lat' dir='ltr'>enim</span> <span class='ocrx_word' id='word_1_176' title='bbox 1181 1538 1236 1569; x_wconf 88' lang='lat' dir='ltr'>est</span> <span class='ocrx_word' id='word_1_177' title='bbox 1255 1545 1279 1569; x_wconf 87' lang='lat' dir='ltr'>a</span> 
     </span>
     <span class='ocr_line' id='line_1_26' title="bbox 139 1586 1277 1639; baseline -0.001 -15"><span class='ocrx_word' id='word_1_178' title='bbox 139 1586 359 1638; x_wconf 89' lang='lat' dir='ltr'>Chrysippo</span> <span class='ocrx_word' id='word_1_179' title='bbox 377 1587 680 1639; x_wconf 81' lang='lat' dir='ltr'>praetermissum</span> <span class='ocrx_word' id='word_1_180' title='bbox 698 1587 739 1624; x_wconf 90' lang='lat' dir='ltr'>in</span> <span class='ocrx_word' id='word_1_181' title='bbox 760 1587 920 1626; x_wconf 68' lang='lat' dir='ltr'>Stoicis.</span> <span class='ocrx_word' id='word_1_182' title='bbox 911 1589 928 1614; x_wconf 65' lang='lat'>&#39;³</span> <span class='ocrx_word' id='word_1_183' title='bbox 957 1586 1123 1638; x_wconf 84' lang='lat' dir='ltr'>legimus</span> <span class='ocrx_word' id='word_1_184' title='bbox 1146 1593 1277 1624; x_wconf 84' lang='lat' dir='ltr'>tamen</span> 
     </span>
     <span class='ocr_line' id='line_1_27' title="bbox 136 1640 1274 1693; baseline 0 -15"><span class='ocrx_word' id='word_1_185' title='bbox 136 1640 369 1692; x_wconf 86' lang='lat' dir='ltr'>Diogenem,</span> <span class='ocrx_word' id='word_1_186' title='bbox 402 1641 675 1693; x_wconf 85' lang='lat' dir='ltr'>Antipatrum,</span> <span class='ocrx_word' id='word_1_187' title='bbox 710 1641 1006 1689; x_wconf 85' lang='lat' dir='ltr'>Mnesarchum,</span> <span class='ocrx_word' id='word_1_188' title='bbox 1039 1640 1274 1688; x_wconf 86' lang='lat' dir='ltr'>Panaetium,</span> 
     </span>
     <span class='ocr_line' id='line_1_28' title="bbox 137 1695 1278 1748; baseline -0.001 -15"><span class='ocrx_word' id='word_1_189' title='bbox 137 1696 282 1734; x_wconf 89' lang='lat' dir='ltr'>multos</span> <span class='ocrx_word' id='word_1_190' title='bbox 301 1695 440 1743; x_wconf 82' lang='lat' dir='ltr'>alios‚&#39;</span> <span class='ocrx_word' id='word_1_191' title='bbox 429 1709 470 1734; x_wconf 89' lang='lat' dir='ltr'>m</span> <span class='ocrx_word' id='word_1_192' title='bbox 489 1696 702 1748; x_wconf 87' lang='lat' dir='ltr'>primisque</span> <span class='ocrx_word' id='word_1_193' title='bbox 720 1695 951 1734; x_wconf 83' lang='lat' dir='ltr'>familiarem</span> <span class='ocrx_word' id='word_1_194' title='bbox 971 1703 1146 1734; x_wconf 90' lang='lat' dir='ltr'>nostrum</span> <span class='ocrx_word' id='word_1_195' title='bbox 1168 1695 1278 1733; x_wconf 89' lang='lat' dir='ltr'>Posi-</span> 
     </span>
     <span class='ocr_line' id='line_1_29' title="bbox 137 1749 1277 1803; baseline -0.001 -15"><span class='ocrx_word' id='word_1_196' title='bbox 137 1749 325 1788; x_wconf 89' lang='grc'><strong>(1011111111.</strong></span> <span class='ocrx_word' id='word_1_197' title='bbox 354 1750 464 1799; x_wconf 85' lang='lat' dir='ltr'>Quid</span> <span class='ocrx_word' id='word_1_198' title='bbox 483 1751 809 1803; x_wconf 82' lang='lat' dir='ltr'>Theophrastus?</span> <span class='ocrx_word' id='word_1_199' title='bbox 838 1750 1127 1789; x_wconf 83' lang='lat' dir='ltr'>mediocriterne</span> <span class='ocrx_word' id='word_1_200' title='bbox 1152 1749 1277 1788; x_wconf 90' lang='lat' dir='ltr'>delec-</span> 
     </span>
     <span class='ocr_line' id='line_1_30' title="bbox 138 1804 1274 1853; baseline 0 -11"><span class='ocrx_word' id='word_1_201' title='bbox 138 1811 209 1853; x_wconf 89' lang='lat' dir='ltr'>tat,</span> <span class='ocrx_word' id='word_1_202' title='bbox 237 1817 327 1843; x_wconf 88' lang='lat' dir='ltr'>cum</span> <span class='ocrx_word' id='word_1_203' title='bbox 352 1812 490 1844; x_wconf 87' lang='lat' dir='ltr'>tractat</span> <span class='ocrx_word' id='word_1_204' title='bbox 514 1806 616 1845; x_wconf 92' lang='lat' dir='ltr'>locos</span> <span class='ocrx_word' id='word_1_205' title='bbox 641 1807 690 1844; x_wconf 91' lang='lat' dir='ltr'>ab</span> <span class='ocrx_word' id='word_1_206' title='bbox 715 1804 924 1844; x_wconf 87' lang='lat' dir='ltr'>Aristotele</span> <span class='ocrx_word' id='word_1_207' title='bbox 949 1812 1038 1844; x_wconf 88' lang='lat' dir='ltr'>ante</span> <span class='ocrx_word' id='word_1_208' title='bbox 1063 1806 1274 1843; x_wconf 82' lang='lat' dir='ltr'>tractatos?</span> 
     </span>
     <span class='ocr_line' id='line_1_31' title="bbox 135 1858 1277 1911; baseline -0.001 -14"><span class='ocrx_word' id='word_1_209' title='bbox 135 1858 234 1910; x_wconf 87' lang='lat' dir='ltr'>quid</span> <span class='ocrx_word' id='word_1_210' title='bbox 252 1859 467 1911; x_wconf 81' lang='lat' dir='ltr'>Epicurei?</span> <span class='ocrx_word' id='word_1_211' title='bbox 497 1873 594 1898; x_wconf 89' lang='grc'><strong>1111111</strong></span> <span class='ocrx_word' id='word_1_212' title='bbox 612 1860 815 1908; x_wconf 87' lang='lat' dir='ltr'>desistunt,</span> <span class='ocrx_word' id='word_1_213' title='bbox 836 1860 883 1898; x_wconf 86' lang='lat' dir='ltr'>de</span> <span class='ocrx_word' id='word_1_214' title='bbox 901 1859 1053 1906; x_wconf 89' lang='lat' dir='ltr'>iisdem,</span> <span class='ocrx_word' id='word_1_215' title='bbox 1067 1859 1115 1897; x_wconf 89' lang='lat' dir='ltr'>de</span> <span class='ocrx_word' id='word_1_216' title='bbox 1134 1859 1277 1910; x_wconf 86' lang='lat' dir='ltr'>quibus</span> 
     </span>
     <span class='ocr_line' id='line_1_32' title="bbox 137 1912 1275 1967; baseline -0.001 -16"><span class='ocrx_word' id='word_1_217' title='bbox 137 1921 176 1952; x_wconf 89' lang='lat' dir='ltr'>et</span> <span class='ocrx_word' id='word_1_218' title='bbox 195 1915 243 1952; x_wconf 87' lang='lat' dir='ltr'>ab</span> <span class='ocrx_word' id='word_1_219' title='bbox 262 1913 434 1965; x_wconf 90' lang='lat' dir='ltr'>Epicuro</span> <span class='ocrx_word' id='word_1_220' title='bbox 453 1915 639 1967; x_wconf 89' lang='lat' dir='ltr'>scriptum</span> <span class='ocrx_word' id='word_1_221' title='bbox 665 1922 735 1963; x_wconf 88' lang='lat' dir='ltr'>est,</span> <span class='ocrx_word' id='word_1_222' title='bbox 764 1922 802 1953; x_wconf 91' lang='lat' dir='ltr'>et</span> <span class='ocrx_word' id='word_1_223' title='bbox 826 1916 874 1953; x_wconf 90' lang='lat' dir='ltr'>ab</span> <span class='ocrx_word' id='word_1_224' title='bbox 901 1914 1083 1966; x_wconf 85' lang='lat' dir='ltr'>antiquis,</span> <span class='ocrx_word' id='word_1_225' title='bbox 1105 1914 1154 1951; x_wconf 88' lang='lat' dir='ltr'>ad</span> <span class='ocrx_word' id='word_1_226' title='bbox 1173 1912 1275 1951; x_wconf 89' lang='lat' dir='ltr'>arbi-</span> 
     </span>
     <span class='ocr_line' id='line_1_33' title="bbox 139 1967 1275 2019; baseline -0.001 -14"><span class='ocrx_word' id='word_1_227' title='bbox 139 1967 259 2006; x_wconf 82' lang='lat' dir='ltr'>trium</span> <span class='ocrx_word' id='word_1_228' title='bbox 292 1981 408 2007; x_wconf 89' lang='lat' dir='ltr'>suum</span> <span class='ocrx_word' id='word_1_229' title='bbox 439 1970 632 2009; x_wconf 80' lang='lat' dir='ltr'>scribere?</span> <span class='ocrx_word' id='word_1_230' title='bbox 677 1969 797 2018; x_wconf 88' lang='lat' dir='ltr'>Quod</span> <span class='ocrx_word' id='word_1_231' title='bbox 824 1969 857 2008; x_wconf 90' lang='lat' dir='ltr'>si</span> <span class='ocrx_word' id='word_1_232' title='bbox 888 1969 1015 2008; x_wconf 85' lang='lat' dir='ltr'>Graeci</span> <span class='ocrx_word' id='word_1_233' title='bbox 1041 1969 1224 2019; x_wconf 82' lang='lat' dir='ltr'>leguntur</span> <span class='ocrx_word' id='word_1_234' title='bbox 1251 1980 1275 2005; x_wconf 89' lang='lat' dir='ltr'>a</span> 
     </span>
     <span class='ocr_line' id='line_1_34' title="bbox 138 2021 1274 2075; baseline -0.001 -15"><span class='ocrx_word' id='word_1_235' title='bbox 138 2022 300 2070; x_wconf 85' lang='lat' dir='ltr'>Graecis,</span> <span class='ocrx_word' id='word_1_236' title='bbox 319 2023 456 2062; x_wconf 88' lang='lat' dir='ltr'>iisdem</span> <span class='ocrx_word' id='word_1_237' title='bbox 473 2024 522 2062; x_wconf 88' lang='lat' dir='ltr'>de</span> <span class='ocrx_word' id='word_1_238' title='bbox 536 2025 649 2063; x_wconf 91' lang='lat' dir='ltr'>rebus</span> <span class='ocrx_word' id='word_1_239' title='bbox 664 2025 741 2063; x_wconf 64' lang='lat' dir='ltr'>alia</span> <span class='ocrx_word' id='word_1_240' title='bbox 754 2024 900 2063; x_wconf 89' lang='lat' dir='ltr'>ratione</span> <span class='ocrx_word' id='word_1_241' title='bbox 916 2022 1155 2075; x_wconf 81' lang='lat' dir='ltr'>compositis3</span> <span class='ocrx_word' id='word_1_242' title='bbox 1177 2021 1274 2073; x_wconf 85' lang='lat' dir='ltr'>quid</span> 
     </span>
     <span class='ocr_line' id='line_1_35' title="bbox 137 2078 957 2130; baseline 0.001 -14"><span class='ocrx_word' id='word_1_243' title='bbox 137 2085 208 2123; x_wconf 84' lang='lat' dir='ltr'>est,</span> <span class='ocrx_word' id='word_1_244' title='bbox 229 2090 296 2115; x_wconf 79' lang='lat' dir='ltr'>cur</span> <span class='ocrx_word' id='word_1_245' title='bbox 314 2078 435 2116; x_wconf 90' lang='lat' dir='ltr'>nostri</span> <span class='ocrx_word' id='word_1_246' title='bbox 452 2091 476 2116; x_wconf 91' lang='lat' dir='ltr'>a</span> <span class='ocrx_word' id='word_1_247' title='bbox 493 2079 631 2117; x_wconf 88' lang='lat' dir='ltr'>nostris</span> <span class='ocrx_word' id='word_1_248' title='bbox 650 2091 728 2117; x_wconf 89' lang='lat' dir='ltr'>non</span> <span class='ocrx_word' id='word_1_249' title='bbox 746 2079 925 2130; x_wconf 88' lang='lat' dir='ltr'>legantur</span> <span class='ocrx_word' id='word_1_250' title='bbox 939 2080 957 2117; x_wconf 72' lang='grc' dir='ltr'><strong><em>Ρ</em></strong></span> 
     </span>
    </p>

    <p class='ocr_par' dir='ltr' id='par_1_8' title="bbox 193 2131 1274 2185">
     <span class='ocr_line' id='line_1_36' title="bbox 193 2131 1274 2185; baseline -0.001 -15"><span class='ocrx_word' id='word_1_251' title='bbox 193 2131 278 2170; x_wconf 89' lang='grc' dir='ltr'><strong>ΙΙΙ.</strong></span> <span class='ocrx_word' id='word_1_252' title='bbox 307 2131 563 2185; x_wconf 85' lang='lat' dir='ltr'>Quamquam</span> <span class='ocrx_word' id='word_1_253' title='bbox 581 2133 614 2173; x_wconf 92' lang='lat' dir='ltr'>si</span> <span class='ocrx_word' id='word_1_254' title='bbox 636 2134 751 2185; x_wconf 86' lang='lat' dir='ltr'>plane</span> <span class='ocrx_word' id='word_1_255' title='bbox 777 2133 830 2173; x_wconf 88' lang='lat' dir='ltr'>sic</span> <span class='ocrx_word' id='word_1_256' title='bbox 855 2139 1040 2173; x_wconf 83' lang='lat' dir='ltr'>verterem</span> <span class='ocrx_word' id='word_1_257' title='bbox 1067 2131 1274 2170; x_wconf 87' lang='lat' dir='ltr'>Platonem</span> 
     </span>
    </p>
   </div>
  </div>
 </body>
</html>
