1456 2396
150 64 231 103 230
271 62 356 103 AD
377 63 759 114 HERENNIUM‚
781 63 883 105 Lm.
897 62 962 105 IV
964 92 976 103 .
996 63 1102 105 CAP.
1115 66 1182 104 22.

149 172 378 225 plerumque
396 172 513 211 simul
531 185 575 212 ea
593 173 805 212 collocant
793 187 835 212 in
853 173 987 212 iisdem
1001 173 1173 225 partibus
1189 187 1276 214 ora-

150 227 275 265 tionis.
317 227 367 266 Id
391 227 463 266 hoc
487 235 597 279 pacto
622 228 743 267 facere
767 235 937 280 oportet:
969 231 998 252 “
1013 228 1277 268 Pei-ditissima

149 281 246 319 ratio
271 288 327 320 est
349 294 519 320 amorem
545 290 649 334 peter
651 296 685 330 e,
714 283 900 334 pudorem
927 281 1084 333 fugere3
1117 283 1276 335 diligere

149 335 329 383 formam,
356 336 546 388 negligere
569 336 727 375 famam.
731 337 756 355 '⁹
797 337 878 375 Hic
903 343 940 374 et
964 349 1010 375 &a
1031 338 1160 385 verba,
1185 351 1275 390 quae

150 402 257 427 casus
274 390 430 438 habent,
452 390 500 429 ad
518 404 624 429 casus
643 391 798 439 similes,
825 398 863 430 et
889 390 958 429 illa
985 404 1074 443 quae
1099 403 1178 430 non
1205 392 1278 431 ha-

150 444 256 490 bent,
277 444 326 482 ad
345 444 485 483 similes
505 445 642 493 exitus,
663 446 831 484 veniunt.

205 498 326 536 XXI.
356 499 636 538 Annominatio
661 508 729 547 est,
757 513 846 538 cum
870 498 920 537 ad
937 498 1040 538 idem
1058 500 1219 539 verbum
1237 508 1276 540 et

149 551 198 590 ad
216 552 319 590 idem
338 565 478 592 nomen
496 554 684 592 acceditur
702 554 999 593 commutatione
1020 554 1135 592 unius
1155 554 1276 593 literae

149 614 218 645 aut
234 607 454 654 literarum;
479 616 546 646 aut
564 608 613 646 ad
631 622 688 647 res
707 608 905 646 dissimiles
923 608 1063 646 similia
1081 609 1196 647 verba
1213 622 1276 648 ac-

149 661 451 700 commodantur.
491 662 553 701 Ea
570 663 703 701 multis
729 670 765 701 et
788 662 900 700 variis
923 663 1133 701 rationibus
1157 663 1277 701 confi-

150 715 259 754 citur.
292 716 569 755 Attenuatione
587 725 654 755 aut
671 717 933 768 complexione
951 716 1122 766 ejusdem
1139 717 1277 767 literae,

149 769 226 809 sic:
263 772 292 793 “
308 770 400 819 Hic,
428 771 496 823 qui
520 784 559 809 se
583 771 784 822 magnifice
807 772 926 820 jactat
953 779 1068 823 atque
1094 778 1272 821 ostentat,

149 824 268 862 veniit
285 838 308 862 a
326 832 364 863 te
381 833 468 863 ante
487 838 606 877 quam
624 826 794 863 Romam
813 825 956 864 venit.”
984 825 1050 863 Ex
1065 826 1275 865 contrario:

151 880 181 900 ‘⁶
195 879 286 925 Hic,
307 892 402 930 quos
420 879 592 918 homines
611 880 694 918 alea
712 880 814 928 vicit,
839 892 900 918 eos
922 879 1020 918 ferro
1042 879 1171 918 statim
1190 881 1278 919 vin-

150 932 242 971 cit.‘'
271 933 525 972 Productione
536 933 707 984 ejusdem
718 934 851 980 literae‚
866 934 938 972 hoc
951 933 1067 972 modo
1077 948 1089 972 z
1111 937 1139 957 ‘⁶
1152 934 1277 974 Hunc

150 987 282 1026 avium
299 987 459 1026 dulcedo
478 988 583 1027 ducit
604 988 652 1026 ad
675 988 846 1026 avium.’'
885 988 1080 1027 Brevitate
1101 988 1274 1039 ejusdem

147 1041 279 1088 literae,
299 1042 371 1080 hoc
389 1042 503 1080 modo
518 1057 528 1080 ι
558 1045 585 1065 “
601 1043 679 1081 Hic
693 1042 844 1081 tametsi
857 1042 1006 1080 videtur
1024 1055 1102 1081 esse
1119 1043 1278 1083 honoris

148 1096 324 1147 cupidus,
345 1104 473 1134 tamen
492 1109 569 1134 non
587 1104 738 1135 tantum
758 1097 902 1135 curiam
925 1096 1064 1148 diligit,
1084 1105 1278 1148 quantum

150 1150 321 1188 Curiam.
365 1150 566 1189 Addendis
597 1151 728 1197 literis,
757 1150 830 1189 hoc
859 1158 996 1202 pacto:
1042 1153 1070 1173 “
1092 1151 1172 1190 Hic
1202 1152 1278 1192 sibi

148 1213 273 1256 posset
302 1212 524 1256 temperare,
556 1205 629 1243 11151
657 1204 778 1243 amori
810 1205 942 1244 mallet
972 1206 1275 1257 obtemperare.”

149 1258 360 1297 Demendis
377 1259 508 1306 literis,
525 1260 576 1297 sic
591 1274 600 1297 :
628 1263 656 1282 “
670 1260 712 1298 Si
725 1260 878 1298 lenones
892 1259 1058 1307 vitasset,
1074 1268 1275 1312 tamquam

147 1313 287 1361 leones,
308 1314 396 1352 vitae
414 1327 454 1352 se
471 1314 722 1352 tradidisset.”
751 1313 1041 1352 Transferendis
1052 1314 1184 1363 literis,
1200 1315 1277 1355 sic:

150 1369 179 1390 “
196 1367 347 1415 Videte,
365 1368 525 1417 judices,
546 1376 678 1407 utrum
696 1368 845 1406 homini
862 1381 974 1415 navo,
995 1381 1045 1406 311
1071 1381 1169 1408 vano
1193 1382 1276 1408 cre-

148 1420 237 1460 dere
254 1422 436 1461 malitis.”
471 1423 586 1471 Item,
609 1425 637 1446 “
654 1423 758 1461 Nolo
776 1435 855 1462 esse
871 1422 1061 1471 laudator,
1080 1435 1129 1461 ne
1146 1423 1277 1463 videar

150 1476 364 1515 adulator.'’
412 1476 720 1524 Commutandis‚
753 1477 826 1516 hoc
856 1477 971 1515 modo
987 1491 998 1515 t
1041 1480 1070 1500 ‘⁶
1094 1476 1277 1529 Defigere

150 1539 310 1581 oportet,
343 1544 460 1583 quem
489 1532 581 1570 velis
602 1531 800 1583 diligere.”
840 1531 918 1570 Hae
939 1538 1029 1570 sunt
1050 1532 1276 1570 annomina-

151 1584 284 1632 tiones,
316 1599 403 1637 quae
431 1586 472 1623 in
503 1586 700 1624 literarum
729 1585 835 1624 brevi
868 1585 1176 1633 commutatione,
1208 1595 1279 1625 aut

152 1639 410 1690 productione,
431 1648 499 1679 aut
523 1640 781 1689 translatione,
808 1647 876 1678 aut
899 1639 1030 1691 aliquo
1053 1640 1280 1690 hujusmodi

153 1705 302 1744 genere,
317 1703 525 1733 versantur.

205 1747 351 1787 XXII.
385 1750 486 1788 Sunt
514 1757 644 1788 autem
676 1749 774 1796 aliae,
802 1762 893 1800 quae
916 1760 995 1787 non
1022 1747 1166 1787 habent
1193 1756 1276 1788 tam

152 1802 406 1854 propinquam
431 1803 471 1841 in
497 1804 620 1843 verbis
643 1803 946 1851 similitudinem,
966 1810 1004 1841 et
1021 1810 1150 1841 tamen
1167 1802 1279 1842 dissi-

153 1857 261 1895 miles
279 1869 356 1895 non
375 1866 488 1896 sunt:
519 1859 660 1910 quibus
677 1857 724 1896 de
748 1857 950 1909 generibus
973 1869 1098 1895 unum
1123 1865 1179 1896 aet
1201 1857 1278 1896 hu-

151 1911 341 1962 jusmodi·
378 1915 406 1935 “
423 1912 532 1960 Quid
561 1913 726 1959 veniam,
758 1911 825 1964 qui
850 1912 937 1960 sim,
964 1924 1082 1963 quare
1108 1911 1276 1961 veniam,

155 1979 270 2017 quem
286 1966 520 2014 insimulem,
545 1967 607 2005 cui
627 1967 783 2019 prosim,
805 1978 922 2018 quem
943 1965 1146 2017 postulem,
1170 1967 1279 2006 brevi

155 2021 421 2072 cognoscetis.”
451 2021 558 2058 Nam
577 2021 642 2060 hic
660 2029 716 2060 aet
732 2021 774 2059 in
787 2019 1019 2072 quibusdam
1033 2020 1157 2059 verbis
1170 2033 1279 2072 quae-

155 2074 243 2113 dam
262 2074 471 2114 similitudo
489 2087 566 2113 non
585 2084 665 2114 tam
683 2074 907 2122 affectanda,
927 2087 1046 2126 quam
1069 2073 1148 2112 111ae
1165 2087 1279 2127 supe.

155 2128 280 2178 riores,
301 2129 366 2168 sed
383 2138 512 2169 tamen
530 2129 746 2168 adhibenda
765 2140 1055 2180 nonnunquam.
1095 2128 1280 2167 Alterum

157 2196 274 2234 genus
301 2183 548 2235 hujusmodi:
592 2183 788 2224 “Demus
816 2195 985 2236 operam,
1014 2181 1199 2232 Quirites,
1229 2195 1282 2222 ne
