1456 2396
200 62 692 106 ACADEMICORUM
714 63 815 103 Lm.
839 64 898 103 ΙΙ.
915 62 1023 103 CAP.
1041 63 1107 103 40.
1156 63 1240 110 337

95 179 196 214 tecta
212 182 424 215 mutentur.
465 173 542 214 Sed
561 174 700 227 ecquid
718 187 788 214 nos
813 174 948 214 eodem
968 172 1085 213 modo
1105 187 1238 214 rerum

96 236 253 269 naturas
270 243 478 282 persecare,
499 230 660 282 aperire,
681 229 851 268 dividere
875 241 1097 282 possumus,
1117 236 1163 267 ut
1181 229 1241 267 vi-

95 282 273 334 deamus,
291 292 394 324 terra
409 284 615 337 penitusne
632 284 761 323 defixa
775 284 838 333 sit,
860 292 898 323 et
916 284 1028 337 quasi
1045 283 1241 323 radicibus

98 337 178 377 suis
195 338 352 387 haereat,
372 351 422 378 an
441 339 570 378 media
587 339 753 391 pendeat
767 341 785 378 Ρ

149 392 334 433 Habitari
345 394 400 433 ait
413 393 675 446 Xenophanes
693 393 733 431 in
753 393 862 441 luna,
879 406 1044 446 eamque
1063 406 1143 433 esse
1162 401 1239 433 ter-

94 460 180 486 ram
197 448 414 488 multarum
430 448 590 487 urbium
605 456 643 487 et
667 449 874 490 montium.
906 449 1091 488 Portenta
1106 448 1239 488 viden-

94 508 185 541 tur:
214 503 282 542 sed
304 511 435 543 tamen
460 515 587 556 neque
614 503 695 552 ille,
723 503 792 555 qui
818 503 931 551 dixit,
957 505 1087 553 jurare
1112 512 1241 556 posset

93 556 149 596 ita
166 571 207 597 se
224 570 306 597 rem
325 558 480 605 habere,
500 571 626 611 neque
641 571 717 610 ego
736 570 814 597 non
834 558 899 595 ita.
939 558 1074 596 Etiam
1097 559 1238 606 dicitis,

94 623 177 651 esse
199 625 220 652 e
247 613 402 666 regione
420 613 544 661 nobis,
566 626 586 652 e
605 613 794 652 contraria
814 620 922 665 parte
941 621 1063 660 terrae,
1084 613 1153 665 qui
1173 614 1243 652 ad-

95 667 213 706 versis
232 668 400 720 vestigiis
419 675 520 707 stent
538 675 670 707 contra
688 676 818 706 nostra
837 667 1010 719 vestigia,
1032 681 1128 720 qucs
1150 669 1242 707 An-

98 720 251 774 tipodas
269 723 424 762 vocatis.
454 721 538 762 Cur
555 723 654 762 mihi
672 722 797 774 magis
816 722 1058 769 succensetis,
1080 723 1149 774 qui
1168 723 1243 762 ista

94 787 174 816 non
192 777 414 830 adspernor,
435 790 554 830 quam
575 778 642 825 eis,
664 777 746 830 qui,
761 789 850 816 cum
871 776 1051 822 audiunt,
1069 777 1242 829 desipere

96 843 164 871 vos
189 832 459 871 arbitrantur?
489 832 648 872 Hicetas
675 832 901 884 Syracusius
934 836 995 874 (ut
1028 832 1081 870 ait
1108 832 1240 871 Theo-

91 885 290 940 Phra-stus)
310 887 465 936 coelurn,
486 888 621 934 solem,
641 888 793 935 lunam,
813 887 956 934 stellas,
971 900 1110 939 supera
1131 887 1241 926 deni-

93 955 172 994 que
189 942 336 992 omnia,
356 949 456 982 stare
474 951 629 988 censet;
660 954 801 995 neque,
821 949 960 994 praeter
978 950 1135 990 terram,
1157 956 1239 982 rem

94 997 217 1036 ullam
235 997 277 1036 in
296 997 446 1036 mundo
464 997 639 1043 moveri;
670 1011 759 1050 quae
785 1009 875 1036 cum
900 996 1044 1036 circum
1065 1010 1177 1036 axem
1199 1012 1240 1037 se

94 1052 252 1091 summa
280 1052 471 1092 celeritate
493 1060 690 1092 convertat
716 1060 752 1091 et
773 1059 964 1104 torqueat,
986 1052 1120 1090 eadem
1141 1053 1239 1092 effici

92 1107 239 1154 omnia,
260 1107 385 1160 quasi,
406 1115 530 1147 stante
549 1107 664 1151 tertii,
685 1107 824 1146 coelum
839 1115 1071 1145 moveretur.
1100 1107 1239 1160 Atque

93 1161 167 1202 hoc
185 1162 301 1201 etiam
322 1162 527 1202 Platonem
553 1162 593 1201 in
620 1162 657 1201 T
660 1162 774 1200 imao
799 1161 923 1201 dicere
946 1161 1106 1213 quidam
1136 1163 1239 1201 arbi-

91 1224 258 1266 trantur,
273 1216 340 1256 sed
357 1217 475 1270 paulo
493 1217 705 1256 obscurius.
735 1216 845 1265 Quid
866 1225 923 1261 tu,
945 1216 1116 1269 Epicure
1131 1219 1149 1256 :⁴
1178 1218 1236 1257 lo-

90 1285 222 1325 quere.
257 1272 378 1311 Putas
396 1273 517 1312 solem
532 1286 611 1312 esse
625 1272 822 1311 tantulum
840 1274 857 1311 ἓ
891 1270 1081 1322 [Egone?
1109 1285 1157 1311 ne
1178 1273 1237 1312 bis

92 1327 252 1379 quidem
283 1334 435 1366 tantum
451 1328 485 1380 z]
516 1327 582 1366 sed
609 1335 647 1366 et
672 1341 739 1366 vos
767 1328 816 1365 ab
835 1326 904 1364 illo
923 1326 1166 1372 irridemini3
1199 1338 1237 1367 et

92 1383 167 1434 ipsi
185 1383 298 1421 illum
317 1382 484 1422 vicissim
513 1381 680 1421 eluditis.
726 1381 844 1420 Liber
870 1381 990 1432 igitur
1015 1395 1038 1419 a
1064 1382 1132 1420 tali
1151 1383 1238 1421 irri-

92 1438 198 1478 sione
217 1437 404 1486 Socrates,
424 1437 522 1477 liber
540 1437 675 1476 Aristo
694 1436 833 1484 Chius,
854 1436 923 1488 qui
948 1436 1047 1475 nihil
1072 1436 1234 1476 istorum

95 1492 182 1534 sciri
199 1500 313 1545 putat
330 1505 452 1545 posse.

149 1547 226 1589 Sed
241 1547 354 1587 redeo
372 1547 422 1587 ad
440 1547 633 1596 animum,
654 1556 692 1587 et
710 1561 859 1600 corpus.
908 1547 1060 1587 Satisne
1079 1548 1235 1588 tandem

93 1618 139 1645 ea
161 1610 254 1642 nota
280 1610 372 1642 sunt
398 1603 524 1652 nobis,
549 1617 637 1656 quae
663 1615 869 1642 nervorum
895 1610 1035 1641 natura
1060 1603 1122 1650 sit,
1150 1618 1239 1656 quae

94 1660 313 1700 venarum?
356 1665 596 1705 tenemusne,
627 1658 723 1710 quid
752 1658 907 1696 animus
939 1657 1023 1696 sit?
1052 1659 1121 1697 ubi
1155 1659 1237 1699 sit?

90 1713 272 1766 denique,
292 1712 405 1761 sitne,
425 1722 494 1753 aut
513 1717 575 1758 (ut
598 1712 825 1752 Dicoearcho
851 1712 978 1751 visum
1005 1722 1078 1761 est)
1106 1726 1156 1752 ne
1186 1715 1236 1754 sit

91 1768 252 1821 quidem
270 1768 408 1808 ullus?
437 1769 469 1808 si
488 1776 559 1816 est,
586 1777 712 1808 tresue
736 1776 864 1820 partes
890 1767 1046 1815 habeat,
1073 1776 1118 1806 ut
1146 1769 1238 1808 Pla-

92 1823 176 1863 toni
205 1823 367 1875 placuit,
394 1824 566 1871 rationis,
596 1823 676 1871 irae,
705 1822 952 1876 cupiditatis;
983 1835 1032 1861 an
1069 1823 1236 1876 simplex

87 1890 268 1930 unusque
286 1877 334 1917 sit
351 1880 369 1918 Ρ
399 1878 442 1917 Si
461 1891 563 1918 unus
582 1885 620 1918 et
639 1879 819 1930 simplex,
834 1886 967 1916 utrum
988 1877 1037 1916 sit
1056 1878 1169 1930 ignis,
1185 1893 1235 1918 an

90 1933 236 1980 anima,
257 1945 307 1972 an
326 1933 517 1985 sanguis?
545 1946 611 1980 an,
638 1941 683 1972 ut
708 1933 962 1981 Xenocrates,
989 1945 1100 1972 mens
1125 1935 1236 1973 nullo

90 1989 278 2039 corpore?
307 1987 413 2040 quod
440 1988 620 2041 intelligi,
651 1989 767 2041 quale
797 1988 860 2036 sit,
895 1988 962 2026 vix
984 1995 1120 2039 potest.
1163 1989 1232 2037 Et,

89 2041 284 2096 quidquid
301 2049 372 2091 est,
391 2043 555 2082 mortale
573 2043 622 2082 sit
647 2056 697 2082 an
717 2051 906 2082 aeternum
924 2045 942 2082 P
971 2055 1065 2081 nam
1084 2051 1233 2082 utram-

85 2110 163 2150 que
180 2097 222 2135 in
241 2104 391 2150 partem
409 2098 537 2137 multa
554 2098 749 2137 dicuntur.

86 2163 115 2199 ι.
144 2151 237 2191 XL.
277 2151 434 2192 Horum
453 2152 602 2206 aliquid
628 2162 752 2193 vestro
770 2152 935 2206 sapienti
956 2160 1104 2192 certum
1128 2153 1235 2194 vide-

87 2216 179 2248 tur:
211 2214 355 2255 nostro,
375 2220 424 2247 ne
450 2208 547 2260 quid
569 2208 741 2248 maxime
766 2208 927 2262 quidem
952 2208 1151 2260 probabile
1170 2209 1234 2259 sit,

141 2262 332 2310 (Philos.)
354 2273 459 2303 von.
484 2275 535 2302 11.
875 2265 899 2301 2
918 2275 944 2301 G
