1456 2396
268 75 347 116 DE
377 74 630 124 FINIBUS,
660 74 760 113 LIB-
783 74 818 114 Ι.
849 74 954 115 CAP.
976 76 1014 113 8.
1125 75 1209 114 359

136 184 263 225 VIII.
292 183 396 232 Quae
413 196 503 223 cum
521 183 718 231 dixissem,
733 183 860 235 magis
878 190 923 222 ut
941 183 1055 221 illum
1072 196 1211 234 provo-

82 251 224 287 oerem,
243 251 364 291 quam
377 245 422 276 ut
435 239 517 290 ipse
534 239 737 300 loquerer,
725 252 736 262 ·
757 246 845 276 tum
863 237 1054 286 Triarius,
1073 237 1210 276 leniter

82 293 266 341 arridens,
287 293 354 331 Tu
370 292 542 344 quidem,
562 292 704 344 inquit,
720 300 846 330 totum
865 292 1082 353 Epicurum
1100 305 1212 343 paene

82 360 105 386 e
122 347 442 399 philosophorum
461 346 576 385 choro
596 346 793 385 sustuhsti.
825 346 935 394 Quid
955 346 990 384 ei
1006 346 1211 398 reliquisti,

82 401 158 440 nisi
187 409 239 450 te,
264 415 422 453 quoquo
451 401 568 439 modo
597 401 832 453 loqueretur,
863 401 943 439 inte
977 401 1090 449 bere,
1118 400 1214 453 quid

83 455 256 495 diceret?
285 456 431 494 Aliena
456 455 555 493 dixit
581 456 622 493 in
648 455 829 507 physicis,
850 468 920 493 nec
939 469 983 493 ea
1007 456 1105 507 ipsa,
1126 468 1215 507 quae

83 510 156 548 tibi
169 512 447 562 probarentur:
479 510 590 561 siqua
608 509 649 547 in
668 510 728 547 his
748 510 934 560 corrigere
953 510 1088 558 voluit,
1109 509 1214 548 dete-

84 563 186 602 riora
203 564 318 603 fecit:
350 564 559 603 disserendi
577 572 700 602 artem
718 564 869 602 nullam
887 564 1050 602 habuit·
1076 565 1214 626 volup-

85 624 206 657 tatem
226 632 316 657 cum
345 632 545 657 summum
563 620 712 657 bonum
731 618 884 664 diceret,
913 619 1086 669 primum
1104 619 1145 657 in
1171 631 1216 656 eo

86 672 170 724 ipso
188 686 328 725 parum
342 673 462 712 vidit:
494 672 632 711 deinde
646 673 718 710 hoc
734 685 889 724 quoque
904 673 1074 711 alienum
1089 687 1102 719 ;
1123 685 1216 712 nam

86 735 177 766 ante
195 727 436 779 Aristippus,
464 734 500 766 et
520 727 585 766 1110
609 727 760 765 111011115.
805 726 1005 765 Addidisti
1023 727 1073 765 ad
1093 735 1217 766 extre-

87 793 215 830 mum,
237 782 354 821 etiam
372 782 570 820 indoctum
591 781 719 820 fuisse.

144 837 178 875 F
180 836 262 884 ieri,
290 837 467 888 inquam,
495 849 519 874 0
549 836 692 884 Triari,
724 835 834 874 nullo
862 843 974 888 pacto
1004 843 1142 887 potest,
1174 844 1219 874 ut

89 903 169 930 non
195 891 312 940 (11035,
341 890 437 943 quid
461 903 540 929 non
565 893 702 942 probes
727 891 824 939 ejus,
852 904 875 928 a
898 903 976 941 quo
995 891 1218 929 dissentias:

91 945 188 998 quid
207 946 310 984 enim
329 958 394 984 me
412 945 631 997 prohiberet
649 945 891 997 Epicureum
911 958 1004 991 esse,
1025 945 1057 984 si
1081 947 1220 997 proba-

90 1014 189 1048 rem,
219 1013 308 1052 quae
336 1000 403 1039 1110
428 999 600 1038 diceret?
630 1013 719 1038 cum
745 999 957 1051 praesertim
983 999 1051 1037 illa
1076 999 1222 1051 perdis-

91 1068 176 1094 cere
204 1054 321 1093 ludus
348 1061 455 1093 esset.
497 1054 764 1102 Quamobrem
790 1054 1098 1093 dissentientium
1124 1054 1224 1093 inter

92 1123 133 1149 se
151 1109 462 1161 reprehensiones
480 1122 558 1147 non
578 1117 667 1147 sunt
686 1109 973 1160 vituperandae:
1004 1109 1223 1157 maledicta,

94 1164 351 1211 contumeliae,
379 1171 464 1202 tum
487 1163 708 1211 iracundiae,
730 1163 1004 1209 contentiones,
1032 1172 1225 1202 concerta-

94 1219 294 1271 tionesque
325 1219 368 1257 in
400 1218 633 1270 disputando
664 1218 889 1270 pertinaces,
924 1218 1094 1270 indignae
1126 1218 1225 1256 mihi

95 1273 341 1325 philosophia
359 1273 479 1311 videri
499 1274 633 1312 solent.

151 1328 268 1366 Tunc
293 1327 531 1380 Torquatus,
560 1328 736 1375 Prorsus,
758 1327 899 1379 inquit,
921 1328 1127 1366 assentior:
1158 1340 1226 1366 ne·

95 1396 173 1435 que
191 1383 296 1421 enim
315 1382 503 1444 disputari
522 1382 602 1420 sine
625 1382 931 1434 reprehensione,
952 1395 1022 1421 nec
1042 1395 1131 1421 cum
1151 1382 1227 1420 ira--

97 1437 240 1476 cundia
259 1445 327 1476 aut
345 1437 554 1489 pertinacia
572 1446 672 1476 recte
691 1437 881 1488 disputari
893 1444 1029 1488 potest.
1085 1436 1162 1476 Sed
1176 1436 1227 1475 ad

97 1492 194 1539 haec,
222 1491 296 1530 nisi
320 1492 529 1530 molestum
554 1499 624 1540 est,
644 1492 768 1530 habeo
788 1505 875 1543 quae
895 1492 1022 1530 velim.
1064 1492 1125 1530 At
1149 1504 1227 1539 me,

98 1547 276 1598 inquam,
298 1546 371 1587 nisi
390 1555 427 1585 te
446 1546 579 1584 audire
597 1546 751 1595 vellem,
772 1558 900 1585 censes
925 1545 1007 1585 haec
1033 1545 1229 1585 dicturum

97 1601 248 1640 fuisse?
278 1601 451 1640 Utrum
440 1601 559 1652 igitur
573 1601 743 1653 percurri
761 1613 918 1640 omnem
937 1601 1099 1653 Epicuri
1119 1600 1225 1638 disci-

99 1656 249 1708 plinam
274 1656 413 1708 placet,
441 1668 490 1694 an
517 1655 564 1694 de
590 1669 670 1694 una
694 1655 890 1707 voluptate
916 1655 1051 1707 quaeri,
1079 1655 1126 1694 de
1152 1669 1233 1707 qua

101 1723 218 1750 omne
237 1719 429 1750 certamen
455 1712 543 1749 est?
573 1710 665 1749 Tuo
691 1724 780 1749 vero
799 1710 839 1748 id
859 1710 1064 1762 quidem,
1053 1722 1230 1762 mquam,

103 1766 302 1804 arbitratu.
346 1765 409 1805 Sic
428 1765 567 1804 faciam
587 1765 719 1817 igitur,
739 1765 892 1817 inquit:
924 1778 1044 1803 unam
1064 1778 1146 1803 rem
1166 1778 1233 1803 ex-

105 1820 272 1872 plicabo,
303 1833 467 1872 eamque
495 1820 723 1858 maximam.
768 1819 832 1858 De
861 1819 1029 1872 physicis
1059 1820 1166 1868 alias,
1197 1826 1235 1857 et

106 1874 266 1926 quidem
296 1875 369 1914 tibi
400 1883 438 1913 et
470 1874 764 1914 declinationem
791 1875 905 1913 istam
934 1882 1167 1922 atomorum,
1198 1880 1235 1910 et

106 1929 418 1980 magnitudinem
438 1930 526 1968 solis
544 1931 730 1982 probabo,
756 1937 794 1968 et
812 1929 1027 1968 Democriti
1046 1936 1168 1967 errata
1187 1928 1235 1965 ab

107 1983 281 2035 Epicuro
299 1984 528 2036 reprehensa
545 1991 582 2023 et
602 1992 767 2023 correcta
786 1985 990 2036 permulta.
1039 1983 1159 2021 Nunc
1178 1981 1237 2020 di-

109 2051 195 2077 cam
214 2038 263 2077 de
281 2039 503 2090 voluptate,
525 2039 623 2077 nihil
642 2039 783 2078 scilicet
802 2051 876 2077 nov
878 2038 906 2087 i,
923 2052 968 2076 ea
985 2046 1130 2085 tamen,
1151 2049 1240 2089 quae

109 2099 147 2131 te
165 2093 296 2144 ipsum
313 2094 569 2144 probaturum
585 2107 664 2132 esse
678 2093 881 2132 confidam.
913 2092 1070 2139 Certe,
1060 2104 1238 2143 mquam,

108 2147 287 2198 pertinax
312 2159 391 2186 non
411 2161 500 2187 ero:
532 2148 695 2200 tibique,
718 2148 749 2186 si
774 2147 872 2186 mihi
891 2147 1070 2199 probabis
1090 2159 1134 2184 ea
1153 2159 1241 2198 quae

110 2201 226 2252 dices,
241 2202 406 2242 libenter
423 2203 619 2243 assentiar.
650 2202 843 2252 Probabo,
864 2202 1018 2254 inquit3
1039 2200 1155 2240 modo
1167 2200 1243 2253 ista
