1456 2396
401 86 661 137 ORATOR,
692 86 798 126 οη.
823 87 888 125 62.
1153 84 1198 121 m

86 195 278 249 quadrum
302 207 586 248 numerumque
600 195 817 236 sententias.
847 195 970 244 Nam,
991 205 1080 233 cum
1099 194 1131 232 is
1151 200 1205 231 est

86 250 249 300 auditor,
263 251 331 303 qui
350 263 426 290 non
445 258 635 299 vereatur,
655 250 939 303 neJoompositae
953 248 1133 288 orationis
1149 247 1208 285 in-

86 304 190 344 sidiis
205 318 274 343 sua
291 305 384 343 fides
403 312 624 354 attentetur,
645 305 810 356 gratiam
825 317 979 357 quoque
992 304 1109 342 habet
1123 315 1206 342 ora-

86 359 172 408 tori,
193 359 380 412 voluptati
398 360 551 398 aurium
571 359 760 398 servienti.

139 413 279 452 LXII.
310 414 444 452 Genus
469 422 601 453 autem
626 414 697 453 hoc
723 414 903 452 orationis
929 426 1054 465 neque
1081 418 1204 450 totum

85 468 358 507 assumendum
383 475 439 507 est
461 469 511 507 ad
536 481 667 507 causas
692 469 873 517 forenses,
900 480 1025 519 neque
1050 466 1208 506 omnino

85 522 379 574 repudiandum.
410 523 452 562 Si
467 523 570 561 enim
585 536 734 575 semper
748 532 871 571 utare,
892 536 982 561 cum
997 522 1206 560 satietatem

85 577 208 626 affert,
228 584 328 626 tum,
349 578 463 629 quale
482 577 544 627 sit,
565 578 682 616 etiam
703 579 751 616 ab
770 577 958 629 imperitis
977 575 1205 628 agnoscitur.

85 629 266 670 Detrahit
294 639 476 684 praeterea
505 632 662 671 actionis
692 632 888 678 dolorem3
920 631 1045 669 aufert
1069 631 1209 668 huma-

85 697 183 724 num
215 698 369 725 sensum
403 686 564 733 actoris3
605 687 705 726 tollit
736 686 912 726 funditus
944 685 1143 724 veritatem
1172 692 1210 722 et

86 740 214 779 fidem.
255 741 344 787 Sed,
377 741 561 792 quoniam
588 742 806 780 adhibenda
831 752 1113 792 nonnunquam
1139 746 1209 785 est,

84 795 256 846 primum
286 795 497 834 videndum
524 803 593 844 est,
622 809 700 848 quo
725 797 823 843 loco,
852 795 990 834 deinde
1021 794 1209 847 quamdiu

86 849 283 888 retinenda
301 850 363 898 sit,
383 858 469 889 tum
489 858 584 902 quot
601 850 727 890 modis
746 849 1031 890 commutanda.

137 904 375 944 Adhibenda
394 913 450 944 est
467 905 585 956 igitur
603 918 807 944 numerosa
825 905 959 953 oratio,
981 904 1013 942 si
1031 910 1099 942 aut
1125 902 1210 941 lau-

85 956 258 998 dandum
284 965 340 998 est
365 959 513 1011 aliquid
538 960 709 998 ornatius
736 962 797 1004 (ut
815 973 884 998 nos
902 960 942 997 in
963 958 1211 997 accusationis

70 1013 264 1063 secundo,
285 1014 333 1052 de
351 1014 491 1053 Siciliae
509 1015 624 1053 laude
643 1015 840 1061 diximu53
870 1022 915 1052 ut
933 1014 972 1052 in
993 1020 1141 1058 senatu,
1163 1012 1211 1050 de

84 1068 284 1106 consulatu
309 1076 429 1116 meo),
456 1077 524 1107 aut
550 1070 776 1121 exponenda
800 1069 981 1117 narratio,
1008 1081 1096 1120 quae
1122 1067 1211 1118 plus

84 1121 281 1173 dignitatis
307 1122 508 1171 desiderat,
537 1137 656 1175 quam
675 1124 815 1163 doloris
835 1126 897 1167 (ut
917 1124 958 1161 in
985 1130 1122 1174 quarto
1148 1134 1212 1159 ac-

67 1176 304 1226 'cusationis,
332 1177 381 1216 de
399 1177 574 1217 Ennensi
593 1178 745 1228 Cerere,
766 1179 814 1217 de
834 1178 1042 1229 Segestana
1062 1176 1208 1223 Diana,

85 1229 134 1268 de
153 1231 431 1283 Syracusarum
457 1232 532 1271 situ
559 1232 760 1281 diximus.)
801 1233 911 1285 Saepe
931 1233 1047 1271 etiam
1066 1231 1107 1269 in
1126 1244 1211 1268 am-

85 1284 293 1337 plificanda
311 1298 366 1335 re,
393 1299 571 1326 concessu
595 1287 785 1335 omnium,
805 1287 983 1326 funditur
1009 1298 1212 1324 numerose

86 1346 125 1377 et
138 1340 357 1379 volubiliter
374 1341 506 1380 oratio.
537 1341 585 1379 Id
604 1354 673 1380 nos
690 1341 848 1380 fortasse
867 1354 944 1380 non
964 1341 1207 1392 perfecimus,

85 1395 212 1432 conati
230 1394 388 1447 quidem
407 1395 612 1448 saepissime
628 1409 761 1434 sumus
775 1410 787 1442 ς
809 1396 913 1448 quod
926 1395 1104 1447 plurimis
1118 1394 1211 1432 locis

85 1449 340 1500 perorationes
365 1458 517 1500 nostrae,
545 1450 708 1489 voluisse
727 1463 810 1499 nos,
831 1458 946 1502 atque
965 1449 1096 1488 animo
1121 1461 1211 1486 con·.

85 1502 265 1552 tendisse,
286 1503 491 1544 declarant.
521 1504 571 1543 Id
585 1512 716 1544 autem
735 1512 820 1543 tum
835 1505 949 1553 valet,
966 1517 1055 1542 cum
1074 1503 1120 1551 is,
1142 1503 1211 1555 qui

84 1557 207 1607 audit,
228 1560 277 1598 ab
296 1566 443 1597 oratore
457 1560 539 1609 jam
561 1561 734 1598 obsessus
754 1568 823 1607 est,
844 1572 888 1597 ac
906 1566 1069 1597 tenetur.
1114 1558 1209 1596 Non

86 1611 190 1650 enim
207 1612 250 1651 id
268 1613 361 1664 agit,
376 1621 421 1652 ut
434 1613 634 1652 insidietur
649 1621 686 1652 et
699 1615 871 1653 observet
886 1629 895 1652 :
919 1613 984 1652 sed
996 1613 1078 1662 jam
1093 1612 1210 1658 favet,

86 1679 380 1720 processumque
410 1668 521 1714 vult;
551 1668 780 1721 dicendique
797 1669 878 1707 vim
898 1668 1106 1716 admirans,
1133 1679 1211 1704 non

84 1720 259 1772 inquirit,
280 1722 385 1774 quod
402 1723 666 1774 reprehendat.
710 1723 809 1762 Haec
828 1730 959 1762 autem
978 1723 1103 1761 forma
1120 1721 1210 1759 reti-

85 1774 212 1814 nenda
229 1788 307 1815 non
321 1777 389 1815 diu
403 1785 473 1825 est,
489 1790 559 1816 nec
573 1778 657 1816 dico
670 1778 712 1815 in
726 1778 978 1829 peroratione,
994 1790 1114 1828 quam
1128 1776 1210 1827 ipse

84 1827 260 1879 includit,
277 1831 342 1869 sed
356 1831 397 1869 in
411 1831 591 1871 orationis
605 1832 761 1884 reliquis
775 1832 948 1883 partibus
963 1846 973 1870 ε
994 1844 1101 1878 nam,
1118 1843 1208 1869 eum

86 1882 136 1922 sis
153 1883 213 1923 his
229 1885 322 1924 locis
340 1899 446 1935 usus,
468 1887 610 1939 quibus
634 1887 783 1925 ostendi
800 1886 927 1936 licere,
947 1885 1209 1924 transferenda

85 1943 166 1976 tota
187 1938 304 1978 dictio
328 1947 384 1979 est
410 1941 460 1979 ad
484 1941 566 1990 illa,
594 1955 696 1993 quae,
724 1941 850 1980 nescio
869 1954 950 1990 cur,
972 1953 1062 1979 cum
1082 1940 1208 1978 Graeci

86 1996 271 2041 Κομματα
296 2001 334 2032 et
360 2000 472 2032 Κωλα
498 1996 712 2044 nominent,
733 2008 802 2034 nos
821 2007 899 2034 non
917 2002 1017 2034 recte
1034 1995 1153 2032 incisa
1172 2001 1210 2032 et

71 2047 261 2086 membra
283 2047 468 2087 dicamus.
515 2050 657 2102 Neque
675 2050 779 2088 enim
799 2063 878 2089 esse
896 2057 1069 2101 possunt,
1094 2050 1209 2086 rebus

73 2107 240 2150 'ignons,
269 2110 360 2141 nota
384 2103 567 2142 nomina:
597 2105 677 2153 sed,
707 2117 798 2143 cum
827 2106 957 2151 verba,
987 2112 1055 2142 aut
1082 2103 1207 2141 suavi-

88 2153 178 2192 tatis
202 2162 270 2194 aut
294 2157 434 2209 inopiae
460 2159 589 2207 eausa,
617 2159 819 2198 transferre
838 2159 1042 2206 soleamus,
1063 2158 1103 2195 in
1123 2169 1207 2195 om-

90 2206 204 2247 nibus
226 2209 299 2253 hoc
324 2211 368 2250 fit
393 2211 553 2261 artibus,
581 2221 638 2262 ut,
666 2226 754 2254 eum
780 2213 820 2252 id
846 2212 1121 2265 appellandum
1141 2211 1203 2257 sit,

12 2286 16 2336 ἱ
139 2264 337 2313 (Rhetor.)
359 2277 464 2307 vol..
488 2278 539 2306 11.
853 2279 879 2304 G
