<?xml version="1.0" encoding="UTF-8"?>
<!DOCTYPE html PUBLIC "-//W3C//DTD XHTML 1.0 Transitional//EN"
    "http://www.w3.org/TR/xhtml1/DTD/xhtml1-transitional.dtd">
<html xmlns="http://www.w3.org/1999/xhtml" xml:lang="en" lang="en">
 <head>
  <title>
</title>
<meta http-equiv="Content-Type" content="text/html;charset=utf-8" />
  <meta name='ocr-system' content='tesseract 3.04.00' />
  <meta name='ocr-capabilities' content='ocr_page ocr_carea ocr_par ocr_line ocrx_word'/>
</head>
<body>
  <div class='ocr_page' id='page_1' title='image "./operaern02ciceuoft_0165.png"; bbox 0 0 1456 2396; ppageno 0'>
   <div class='ocr_carea' id='block_1_1' title="bbox 214 81 1199 132">
    <p class='ocr_par' dir='ltr' id='par_1_1' title="bbox 214 81 1199 132">
     <span class='ocr_line' id='line_1_1' title="bbox 214 81 1199 132; baseline -0.003 -8"><span class='ocrx_word' id='word_1_1' title='bbox 214 85 297 124; x_wconf 87' lang='lat' dir='ltr'><strong>AD</strong></span> <span class='ocrx_word' id='word_1_2' title='bbox 325 82 704 132; x_wconf 87' lang='lat' dir='ltr'><strong>HERENNIUM,</strong></span> <span class='ocrx_word' id='word_1_3' title='bbox 720 82 820 122; x_wconf 82' lang='lat' dir='ltr'><strong>LIB.</strong></span> <span class='ocrx_word' id='word_1_4' title='bbox 837 81 872 120; x_wconf 89' lang='lat'><strong>1.</strong></span> <span class='ocrx_word' id='word_1_5' title='bbox 889 82 994 122; x_wconf 81' lang='lat' dir='ltr'><strong>CAP.</strong></span> <span class='ocrx_word' id='word_1_6' title='bbox 1014 84 1075 122; x_wconf 88' lang='lat'><strong>11.</strong></span> <span class='ocrx_word' id='word_1_7' title='bbox 1127 84 1199 122; x_wconf 83' lang='lat'><strong>151</strong></span> 
     </span>
    </p>
   </div>
   <div class='ocr_carea' id='block_1_2' title="bbox 49 190 1211 2180">
    <p class='ocr_par' dir='ltr' id='par_1_2' title="bbox 69 190 1209 296">
     <span class='ocr_line' id='line_1_2' title="bbox 69 190 1209 243; baseline 0 -13"><span class='ocrx_word' id='word_1_8' title='bbox 69 210 74 214; x_wconf 82' lang='grc'><em>·</em></span> <span class='ocrx_word' id='word_1_9' title='bbox 99 199 206 243; x_wconf 84' lang='lat' dir='ltr'><strong>rogat</strong></span> <span class='ocrx_word' id='word_1_10' title='bbox 223 192 392 231; x_wconf 86' lang='lat' dir='ltr'><strong>orationi.</strong></span> <span class='ocrx_word' id='word_1_11' title='bbox 421 191 622 242; x_wconf 85' lang='lat' dir='ltr'><strong>Expositio</strong></span> <span class='ocrx_word' id='word_1_12' title='bbox 637 197 705 237; x_wconf 84' lang='lat' dir='ltr'><strong>est,</strong></span> <span class='ocrx_word' id='word_1_13' title='bbox 721 203 811 229; x_wconf 89' lang='lat' dir='ltr'><strong>cum</strong></span> <span class='ocrx_word' id='word_1_14' title='bbox 825 203 896 239; x_wconf 89' lang='lat' dir='ltr'><strong>res,</strong></span> <span class='ocrx_word' id='word_1_15' title='bbox 913 190 961 229; x_wconf 88' lang='lat' dir='ltr'><strong>de</strong></span> <span class='ocrx_word' id='word_1_16' title='bbox 975 190 1114 242; x_wconf 82' lang='lat' dir='ltr'><strong>quibus</strong></span> <span class='ocrx_word' id='word_1_17' title='bbox 1129 191 1209 230; x_wconf 90' lang='lat' dir='ltr'><strong>dic-</strong></span> 
     </span>
     <span class='ocr_line' id='line_1_3' title="bbox 100 245 1020 296; baseline -0.002 -12"><span class='ocrx_word' id='word_1_18' title='bbox 100 246 178 284; x_wconf 88' lang='lat' dir='ltr'><strong>turi</strong></span> <span class='ocrx_word' id='word_1_19' title='bbox 196 259 342 293; x_wconf 88' lang='lat' dir='ltr'><strong>sumus,</strong></span> <span class='ocrx_word' id='word_1_20' title='bbox 362 245 588 296; x_wconf 72' lang='lat' dir='ltr'><strong>exponimus</strong></span> <span class='ocrx_word' id='word_1_21' title='bbox 601 245 763 282; x_wconf 87' lang='lat' dir='ltr'><strong>breviter</strong></span> <span class='ocrx_word' id='word_1_22' title='bbox 783 251 819 282; x_wconf 90' lang='lat' dir='ltr'><strong>et</strong></span> <span class='ocrx_word' id='word_1_23' title='bbox 838 246 1020 283; x_wconf 87' lang='lat' dir='ltr'><strong>absolute.</strong></span> 
     </span>
    </p>

    <p class='ocr_par' dir='ltr' id='par_1_3' title="bbox 96 298 1211 605">
     <span class='ocr_line' id='line_1_4' title="bbox 151 298 1209 337; baseline -0.001 0"><span class='ocrx_word' id='word_1_24' title='bbox 151 299 270 337; x_wconf 91' lang='lat' dir='ltr'><strong>Nunc</strong></span> <span class='ocrx_word' id='word_1_25' title='bbox 289 299 338 337; x_wconf 88' lang='lat' dir='ltr'><strong>ad</strong></span> <span class='ocrx_word' id='word_1_26' title='bbox 356 298 680 337; x_wconf 87' lang='lat' dir='ltr'><strong>confirmationem</strong></span> <span class='ocrx_word' id='word_1_27' title='bbox 706 306 742 336; x_wconf 91' lang='lat' dir='ltr'><strong>et</strong></span> <span class='ocrx_word' id='word_1_28' title='bbox 766 298 1063 336; x_wconf 85' lang='lat' dir='ltr'><strong>confutationem</strong></span> <span class='ocrx_word' id='word_1_29' title='bbox 1087 306 1209 336; x_wconf 90' lang='lat' dir='ltr'><strong>trans-</strong></span> 
     </span>
     <span class='ocr_line' id='line_1_5' title="bbox 98 351 1208 403; baseline -0.002 -12"><span class='ocrx_word' id='word_1_30' title='bbox 98 365 240 391; x_wconf 85' lang='lat' dir='ltr'><strong>eamus.</strong></span> <span class='ocrx_word' id='word_1_31' title='bbox 305 353 407 390; x_wconf 91' lang='lat' dir='ltr'><strong>Tota</strong></span> <span class='ocrx_word' id='word_1_32' title='bbox 432 365 515 403; x_wconf 88' lang='lat' dir='ltr'><strong>spes</strong></span> <span class='ocrx_word' id='word_1_33' title='bbox 540 351 729 399; x_wconf 89' lang='lat' dir='ltr'><strong>vincendi,</strong></span> <span class='ocrx_word' id='word_1_34' title='bbox 749 352 919 402; x_wconf 88' lang='lat' dir='ltr'><strong>ratioque</strong></span> <span class='ocrx_word' id='word_1_35' title='bbox 943 352 1208 403; x_wconf 89' lang='lat' dir='ltr'><strong>persuadendi,</strong></span> 
     </span>
     <span class='ocr_line' id='line_1_6' title="bbox 96 405 1209 457; baseline -0.001 -13"><span class='ocrx_word' id='word_1_36' title='bbox 96 406 217 457; x_wconf 89' lang='lat' dir='ltr'><strong>posita</strong></span> <span class='ocrx_word' id='word_1_37' title='bbox 254 414 308 444; x_wconf 93' lang='lat' dir='ltr'><strong>est</strong></span> <span class='ocrx_word' id='word_1_38' title='bbox 344 406 385 443; x_wconf 90' lang='lat' dir='ltr'><strong>in</strong></span> <span class='ocrx_word' id='word_1_39' title='bbox 413 405 696 444; x_wconf 88' lang='lat' dir='ltr'><strong>confirmatione</strong></span> <span class='ocrx_word' id='word_1_40' title='bbox 726 413 763 444; x_wconf 92' lang='lat' dir='ltr'><strong>et</strong></span> <span class='ocrx_word' id='word_1_41' title='bbox 792 405 1072 444; x_wconf 85' lang='lat' dir='ltr'><strong>confutatione:</strong></span> <span class='ocrx_word' id='word_1_42' title='bbox 1103 419 1209 454; x_wconf 90' lang='lat' dir='ltr'><strong>nam,</strong></span> 
     </span>
     <span class='ocr_line' id='line_1_7' title="bbox 97 459 1211 510; baseline 0 -13"><span class='ocrx_word' id='word_1_43' title='bbox 97 472 187 498; x_wconf 92' lang='lat' dir='ltr'><strong>cum</strong></span> <span class='ocrx_word' id='word_1_44' title='bbox 214 460 436 509; x_wconf 83' lang='lat' dir='ltr'><strong>adjumenta</strong></span> <span class='ocrx_word' id='word_1_45' title='bbox 462 467 590 497; x_wconf 88' lang='lat' dir='ltr'><strong>nostra</strong></span> <span class='ocrx_word' id='word_1_46' title='bbox 617 459 916 510; x_wconf 80' lang='lat' dir='ltr'>exposuerimus,</span> <span class='ocrx_word' id='word_1_47' title='bbox 949 459 1211 510; x_wconf 86' lang='lat' dir='ltr'><strong>contrariaque</strong></span> 
     </span>
     <span class='ocr_line' id='line_1_8' title="bbox 96 513 1211 562; baseline 0 -11"><span class='ocrx_word' id='word_1_48' title='bbox 96 513 390 562; x_wconf 81' lang='lat' dir='ltr'><strong>dissolverimus,</strong></span> <span class='ocrx_word' id='word_1_49' title='bbox 419 514 592 552; x_wconf 88' lang='lat' dir='ltr'><strong>absolute</strong></span> <span class='ocrx_word' id='word_1_50' title='bbox 617 513 803 550; x_wconf 87' lang='lat' dir='ltr'><strong>nimirum</strong></span> <span class='ocrx_word' id='word_1_51' title='bbox 830 525 972 550; x_wconf 84' lang='lat' dir='ltr'><strong>munus</strong></span> <span class='ocrx_word' id='word_1_52' title='bbox 1003 513 1211 551; x_wconf 85' lang='lat' dir='ltr'><strong>oratorium</strong></span> 
     </span>
     <span class='ocr_line' id='line_1_9' title="bbox 96 567 378 605; baseline 0.004 -1"><span class='ocrx_word' id='word_1_53' title='bbox 96 567 378 605; x_wconf 84' lang='lat' dir='ltr'><strong>confecerimus.</strong></span> 
     </span>
    </p>

    <p class='ocr_par' dir='ltr' id='par_1_4' title="bbox 49 619 1210 2180">
     <span class='ocr_line' id='line_1_10' title="bbox 148 619 1210 672; baseline 0 -14"><span class='ocrx_word' id='word_1_54' title='bbox 148 620 226 658; x_wconf 92' lang='lat' dir='ltr'><strong>XI.</strong></span> <span class='ocrx_word' id='word_1_55' title='bbox 266 621 487 672; x_wconf 91' lang='lat' dir='ltr'><strong>Utrumque</strong></span> <span class='ocrx_word' id='word_1_56' title='bbox 504 621 622 671; x_wconf 86' lang='lat' dir='ltr'><strong>igitur</strong></span> <span class='ocrx_word' id='word_1_57' title='bbox 638 620 760 659; x_wconf 88' lang='lat' dir='ltr'><strong>facere</strong></span> <span class='ocrx_word' id='word_1_58' title='bbox 777 619 999 672; x_wconf 86' lang='lat' dir='ltr'><strong>poterimus,</strong></span> <span class='ocrx_word' id='word_1_59' title='bbox 1022 620 1053 658; x_wconf 88' lang='lat' dir='ltr'><strong>si</strong></span> <span class='ocrx_word' id='word_1_60' title='bbox 1071 620 1210 658; x_wconf 90' lang='lat' dir='ltr'><strong>consti-</strong></span> 
     </span>
     <span class='ocr_line' id='line_1_11' title="bbox 96 674 1209 725; baseline 0 -13"><span class='ocrx_word' id='word_1_61' title='bbox 96 674 282 712; x_wconf 89' lang='lat' dir='ltr'><strong>tutionem</strong></span> <span class='ocrx_word' id='word_1_62' title='bbox 309 687 430 713; x_wconf 88' lang='lat' dir='ltr'><strong>causae</strong></span> <span class='ocrx_word' id='word_1_63' title='bbox 448 675 746 725; x_wconf 90' lang='lat' dir='ltr'><strong>cognoverimus.</strong></span> <span class='ocrx_word' id='word_1_64' title='bbox 795 674 1008 712; x_wconf 81' lang='lat' dir='ltr'><strong>Causarum</strong></span> <span class='ocrx_word' id='word_1_65' title='bbox 1028 674 1209 712; x_wconf 89' lang='lat' dir='ltr'><strong>constitu-</strong></span> 
     </span>
     <span class='ocr_line' id='line_1_12' title="bbox 95 728 1209 780; baseline -0.001 -14"><span class='ocrx_word' id='word_1_66' title='bbox 95 728 215 766; x_wconf 83' lang='lat' dir='ltr'><strong>tiones</strong></span> <span class='ocrx_word' id='word_1_67' title='bbox 237 728 302 766; x_wconf 86' lang='lat' dir='ltr'><strong>alii</strong></span> <span class='ocrx_word' id='word_1_68' title='bbox 325 736 488 780; x_wconf 89' lang='lat' dir='ltr'><strong>quatuor</strong></span> <span class='ocrx_word' id='word_1_69' title='bbox 512 728 706 767; x_wconf 81' lang='lat' dir='ltr'><strong>fecerunt:</strong></span> <span class='ocrx_word' id='word_1_70' title='bbox 737 735 862 766; x_wconf 90' lang='lat' dir='ltr'><strong>noster</strong></span> <span class='ocrx_word' id='word_1_71' title='bbox 887 728 1016 765; x_wconf 90' lang='lat' dir='ltr'><strong>doctor</strong></span> <span class='ocrx_word' id='word_1_72' title='bbox 1043 728 1209 766; x_wconf 90' lang='lat' dir='ltr'><strong>Hermes</strong></span> 
     </span>
     <span class='ocr_line' id='line_1_13' title="bbox 95 781 1209 833; baseline -0.002 -13"><span class='ocrx_word' id='word_1_73' title='bbox 95 788 171 820; x_wconf 92' lang='lat' dir='ltr'><strong>tres</strong></span> <span class='ocrx_word' id='word_1_74' title='bbox 188 782 338 833; x_wconf 87' lang='lat' dir='ltr'><strong>putavit</strong></span> <span class='ocrx_word' id='word_1_75' title='bbox 356 795 459 828; x_wconf 83' lang='lat' dir='ltr'><strong>esse3</strong></span> <span class='ocrx_word' id='word_1_76' title='bbox 489 794 566 820; x_wconf 90' lang='lat' dir='ltr'><strong>non</strong></span> <span class='ocrx_word' id='word_1_77' title='bbox 586 789 630 820; x_wconf 87' lang='lat' dir='ltr'><strong>ut</strong></span> <span class='ocrx_word' id='word_1_78' title='bbox 648 782 695 820; x_wconf 89' lang='lat' dir='ltr'><strong>de</strong></span> <span class='ocrx_word' id='word_1_79' title='bbox 720 782 875 820; x_wconf 85' lang='lat' dir='ltr'><strong>illorum</strong></span> <span class='ocrx_word' id='word_1_80' title='bbox 903 781 1116 832; x_wconf 87' lang='lat' dir='ltr'><strong>quidquam</strong></span> <span class='ocrx_word' id='word_1_81' title='bbox 1143 781 1209 819; x_wconf 88' lang='lat' dir='ltr'><strong>de-</strong></span> 
     </span>
     <span class='ocr_line' id='line_1_14' title="bbox 95 834 1209 886; baseline -0.001 -13"><span class='ocrx_word' id='word_1_82' title='bbox 95 834 258 874; x_wconf 85' lang='lat' dir='ltr'><strong>traheret</strong></span> <span class='ocrx_word' id='word_1_83' title='bbox 275 835 506 885; x_wconf 84' lang='lat' dir='ltr'><strong>inventione,</strong></span> <span class='ocrx_word' id='word_1_84' title='bbox 523 836 588 874; x_wconf 86' lang='lat' dir='ltr'><strong>sed</strong></span> <span class='ocrx_word' id='word_1_85' title='bbox 606 844 650 874; x_wconf 93' lang='lat' dir='ltr'><strong>ut</strong></span> <span class='ocrx_word' id='word_1_86' title='bbox 668 836 892 881; x_wconf 78' lang='lat' dir='ltr'><strong>ostenderet,</strong></span> <span class='ocrx_word' id='word_1_87' title='bbox 906 835 960 882; x_wconf 91' lang='lat' dir='ltr'><strong>id,</strong></span> <span class='ocrx_word' id='word_1_88' title='bbox 977 835 1080 886; x_wconf 91' lang='lat' dir='ltr'><strong>quod</strong></span> <span class='ocrx_word' id='word_1_89' title='bbox 1099 848 1209 885; x_wconf 86' lang='lat' dir='ltr'><strong>opor·</strong></span> 
     </span>
     <span class='ocr_line' id='line_1_15' title="bbox 93 889 1210 941; baseline -0.001 -14"><span class='ocrx_word' id='word_1_90' title='bbox 93 889 226 927; x_wconf 84' lang='lat' dir='ltr'><strong>tuisset</strong></span> <span class='ocrx_word' id='word_1_91' title='bbox 257 890 478 941; x_wconf 88' lang='lat' dir='ltr'><strong>simpliciter</strong></span> <span class='ocrx_word' id='word_1_92' title='bbox 506 903 550 928; x_wconf 91' lang='lat' dir='ltr'><strong>ac</strong></span> <span class='ocrx_word' id='word_1_93' title='bbox 579 889 763 941; x_wconf 88' lang='lat' dir='ltr'><strong>singulari</strong></span> <span class='ocrx_word' id='word_1_94' title='bbox 794 889 908 927; x_wconf 90' lang='lat' dir='ltr'><strong>modo</strong></span> <span class='ocrx_word' id='word_1_95' title='bbox 945 889 1091 935; x_wconf 88' lang='lat' dir='ltr'><strong>docere,</strong></span> <span class='ocrx_word' id='word_1_96' title='bbox 1125 889 1210 926; x_wconf 87' lang='lat' dir='ltr'><strong>illos</strong></span> 
     </span>
     <span class='ocr_line' id='line_1_16' title="bbox 94 942 1210 995; baseline -0.002 -14"><span class='ocrx_word' id='word_1_97' title='bbox 94 943 328 982; x_wconf 86' lang='lat' dir='ltr'><strong>distribuisse</strong></span> <span class='ocrx_word' id='word_1_98' title='bbox 359 944 561 995; x_wconf 88' lang='lat' dir='ltr'><strong>dupliciter</strong></span> <span class='ocrx_word' id='word_1_99' title='bbox 592 951 630 982; x_wconf 90' lang='lat' dir='ltr'><strong>et</strong></span> <span class='ocrx_word' id='word_1_100' title='bbox 658 944 848 995; x_wconf 88' lang='lat' dir='ltr'><strong>bipertito.</strong></span> <span class='ocrx_word' id='word_1_101' title='bbox 891 942 1121 983; x_wconf 76' lang='lat' dir='ltr'><strong>‚constitutio</strong></span> <span class='ocrx_word' id='word_1_102' title='bbox 1155 950 1210 980; x_wconf 86' lang='lat' dir='ltr'><strong>est</strong></span> 
     </span>
     <span class='ocr_line' id='line_1_17' title="bbox 93 996 1210 1048; baseline -0.001 -14"><span class='ocrx_word' id='word_1_103' title='bbox 93 997 218 1047; x_wconf 89' lang='lat' dir='ltr'><strong>prima</strong></span> <span class='ocrx_word' id='word_1_104' title='bbox 235 997 446 1048; x_wconf 87' lang='lat' dir='ltr'><strong>deprecatio</strong></span> <span class='ocrx_word' id='word_1_105' title='bbox 465 997 682 1045; x_wconf 85' lang='lat' dir='ltr'><strong>defensoris,</strong></span> <span class='ocrx_word' id='word_1_106' title='bbox 700 1010 788 1035; x_wconf 90' lang='lat' dir='ltr'><strong>cum</strong></span> <span class='ocrx_word' id='word_1_107' title='bbox 807 996 1032 1035; x_wconf 89' lang='lat' dir='ltr'><strong>accusatoris</strong></span> <span class='ocrx_word' id='word_1_108' title='bbox 1049 996 1210 1033; x_wconf 89' lang='lat' dir='ltr'><strong>insimu-</strong></span> 
     </span>
     <span class='ocr_line' id='line_1_18' title="bbox 93 1050 1210 1102; baseline -0.001 -14"><span class='ocrx_word' id='word_1_109' title='bbox 93 1050 234 1089; x_wconf 88' lang='lat' dir='ltr'><strong>latione</strong></span> <span class='ocrx_word' id='word_1_110' title='bbox 271 1053 484 1101; x_wconf 85' lang='lat' dir='ltr'><strong>conjuncta.</strong></span> <span class='ocrx_word' id='word_1_111' title='bbox 533 1051 831 1090; x_wconf 85' lang='lat' dir='ltr'><strong>Constitutiones</strong></span> <span class='ocrx_word' id='word_1_112' title='bbox 868 1051 1011 1102; x_wconf 86' lang='lat' dir='ltr'><strong>itaque,</strong></span> <span class='ocrx_word' id='word_1_113' title='bbox 1045 1056 1089 1087; x_wconf 91' lang='lat' dir='ltr'><strong>ut</strong></span> <span class='ocrx_word' id='word_1_114' title='bbox 1121 1057 1210 1087; x_wconf 91' lang='lat' dir='ltr'><strong>ante</strong></span> 
     </span>
     <span class='ocr_line' id='line_1_19' title="bbox 92 1103 1208 1155; baseline -0.002 -13"><span class='ocrx_word' id='word_1_115' title='bbox 92 1103 275 1152; x_wconf 84' lang='lat' dir='ltr'><strong>diximus,</strong></span> <span class='ocrx_word' id='word_1_116' title='bbox 289 1112 362 1143; x_wconf 81' lang='lat' dir='ltr'><strong>tres</strong></span> <span class='ocrx_word' id='word_1_117' title='bbox 375 1112 476 1153; x_wconf 89' lang='lat' dir='ltr'><strong>sunt,</strong></span> <span class='ocrx_word' id='word_1_118' title='bbox 490 1105 764 1154; x_wconf 88' lang='lat' dir='ltr'><strong>conjecturalis,</strong></span> <span class='ocrx_word' id='word_1_119' title='bbox 778 1104 962 1155; x_wconf 90' lang='lat' dir='ltr'><strong>legitima,</strong></span> <span class='ocrx_word' id='word_1_120' title='bbox 973 1103 1208 1153; x_wconf 87' lang='lat' dir='ltr'><strong>juridicialis.</strong></span> 
     </span>
     <span class='ocr_line' id='line_1_20' title="bbox 93 1157 1210 1207; baseline -0.001 -12"><span class='ocrx_word' id='word_1_121' title='bbox 93 1157 368 1207; x_wconf 88' lang='lat' dir='ltr'><strong>Conjecturalis</strong></span> <span class='ocrx_word' id='word_1_122' title='bbox 389 1166 456 1206; x_wconf 86' lang='lat' dir='ltr'><strong>est,</strong></span> <span class='ocrx_word' id='word_1_123' title='bbox 478 1172 567 1197; x_wconf 90' lang='lat' dir='ltr'><strong>cum</strong></span> <span class='ocrx_word' id='word_1_124' title='bbox 586 1159 633 1197; x_wconf 86' lang='lat' dir='ltr'><strong>de</strong></span> <span class='ocrx_word' id='word_1_125' title='bbox 650 1159 751 1197; x_wconf 90' lang='lat' dir='ltr'><strong>facto</strong></span> <span class='ocrx_word' id='word_1_126' title='bbox 773 1158 1022 1197; x_wconf 89' lang='lat' dir='ltr'><strong>controversia</strong></span> <span class='ocrx_word' id='word_1_127' title='bbox 1041 1165 1109 1204; x_wconf 91' lang='lat' dir='ltr'><strong>est,</strong></span> <span class='ocrx_word' id='word_1_128' title='bbox 1138 1157 1210 1195; x_wconf 90' lang='lat' dir='ltr'><strong>hoc</strong></span> 
     </span>
     <span class='ocr_line' id='line_1_21' title="bbox 92 1211 1209 1264; baseline -0.001 -15"><span class='ocrx_word' id='word_1_129' title='bbox 92 1212 233 1250; x_wconf 90' lang='lat' dir='ltr'><strong>modo.</strong></span> <span class='ocrx_word' id='word_1_130' title='bbox 268 1212 405 1261; x_wconf 84' lang='lat' dir='ltr'><strong>Ajax</strong></span> <span class='ocrx_word' id='word_1_131' title='bbox 395 1225 436 1250; x_wconf 90' lang='grc'><strong>111</strong></span> <span class='ocrx_word' id='word_1_132' title='bbox 455 1213 564 1260; x_wconf 88' lang='lat' dir='ltr'><strong>silva,</strong></span> <span class='ocrx_word' id='word_1_133' title='bbox 584 1220 789 1264; x_wconf 86' lang='lat' dir='ltr'><strong>postquam</strong></span> <span class='ocrx_word' id='word_1_134' title='bbox 807 1212 969 1258; x_wconf 89' lang='lat' dir='ltr'><strong>rescivit,</strong></span> <span class='ocrx_word' id='word_1_135' title='bbox 997 1225 1083 1262; x_wconf 86' lang='lat' dir='ltr'><strong>quae</strong></span> <span class='ocrx_word' id='word_1_136' title='bbox 1101 1211 1209 1248; x_wconf 89' lang='lat' dir='ltr'><strong>fecis-</strong></span> 
     </span>
     <span class='ocr_line' id='line_1_22' title="bbox 92 1265 1206 1327; baseline -0.001 -24"><span class='ocrx_word' id='word_1_137' title='bbox 92 1272 148 1303; x_wconf 89' lang='lat' dir='ltr'><strong>set</strong></span> <span class='ocrx_word' id='word_1_138' title='bbox 160 1279 228 1326; x_wconf 85' lang='lat' dir='ltr'><strong>per</strong></span> <span class='ocrx_word' id='word_1_139' title='bbox 241 1266 482 1327; x_wconf 81' lang='lat' dir='ltr'><strong>insaniam,g</strong></span> <span class='ocrx_word' id='word_1_140' title='bbox 458 1266 584 1304; x_wconf 68' lang='lat' dir='ltr'><strong>eladio</strong></span> <span class='ocrx_word' id='word_1_141' title='bbox 594 1267 780 1305; x_wconf 86' lang='lat' dir='ltr'><strong>incubuit.</strong></span> <span class='ocrx_word' id='word_1_142' title='bbox 810 1266 967 1317; x_wconf 86' lang='lat' dir='ltr'><strong>Ulysses</strong></span> <span class='ocrx_word' id='word_1_143' title='bbox 981 1265 1102 1303; x_wconf 72' lang='lat' dir='ltr'><strong>interx</strong></span> <span class='ocrx_word' id='word_1_144' title='bbox 1105 1265 1206 1302; x_wconf 82' lang='lat' dir='ltr'><strong>enit:</strong></span> 
     </span>
     <span class='ocr_line' id='line_1_23' title="bbox 94 1318 1210 1371; baseline -0.001 -15"><span class='ocrx_word' id='word_1_145' title='bbox 94 1319 261 1357; x_wconf 86' lang='lat' dir='ltr'><strong>occisum</strong></span> <span class='ocrx_word' id='word_1_146' title='bbox 273 1320 533 1370; x_wconf 82' lang='lat' dir='ltr'><strong>conspicatur:</strong></span> <span class='ocrx_word' id='word_1_147' title='bbox 564 1333 584 1358; x_wconf 88' lang='lat' dir='ltr'><strong>e</strong></span> <span class='ocrx_word' id='word_1_148' title='bbox 603 1333 756 1371; x_wconf 90' lang='lat' dir='ltr'><strong>corpore</strong></span> <span class='ocrx_word' id='word_1_149' title='bbox 771 1320 891 1359; x_wconf 87' lang='lat' dir='ltr'><strong>telum</strong></span> <span class='ocrx_word' id='word_1_150' title='bbox 904 1326 1104 1359; x_wconf 88' lang='lat' dir='ltr'><strong>cruentum</strong></span> <span class='ocrx_word' id='word_1_151' title='bbox 1117 1318 1210 1356; x_wconf 88' lang='lat' dir='ltr'><strong>edu-</strong></span> 
     </span>
     <span class='ocr_line' id='line_1_24' title="bbox 93 1372 1210 1421; baseline -0.001 -11"><span class='ocrx_word' id='word_1_152' title='bbox 93 1372 154 1410; x_wconf 82' lang='lat' dir='ltr'><strong>cit.</strong></span> <span class='ocrx_word' id='word_1_153' title='bbox 185 1373 354 1412; x_wconf 86' lang='lat' dir='ltr'><strong>Teucer</strong></span> <span class='ocrx_word' id='word_1_154' title='bbox 343 1374 567 1411; x_wconf 81' lang='lat' dir='ltr'><strong>intervenit:</strong></span> <span class='ocrx_word' id='word_1_155' title='bbox 597 1373 752 1411; x_wconf 85' lang='lat' dir='ltr'><strong>fratrem</strong></span> <span class='ocrx_word' id='word_1_156' title='bbox 765 1373 944 1421; x_wconf 82' lang='lat' dir='ltr'><strong>occisum,</strong></span> <span class='ocrx_word' id='word_1_157' title='bbox 959 1380 995 1410; x_wconf 90' lang='lat' dir='ltr'><strong>et</strong></span> <span class='ocrx_word' id='word_1_158' title='bbox 1009 1372 1210 1410; x_wconf 86' lang='lat' dir='ltr'><strong>inimicum</strong></span> 
     </span>
     <span class='ocr_line' id='line_1_25' title="bbox 91 1426 1208 1478; baseline -0.001 -14"><span class='ocrx_word' id='word_1_159' title='bbox 91 1426 217 1464; x_wconf 87' lang='lat' dir='ltr'><strong>fratris</strong></span> <span class='ocrx_word' id='word_1_160' title='bbox 243 1440 333 1465; x_wconf 90' lang='lat' dir='ltr'><strong>cum</strong></span> <span class='ocrx_word' id='word_1_161' title='bbox 358 1427 485 1478; x_wconf 90' lang='lat' dir='ltr'><strong>gladio</strong></span> <span class='ocrx_word' id='word_1_162' title='bbox 511 1438 681 1474; x_wconf 88' lang='lat' dir='ltr'><strong>cruento,</strong></span> <span class='ocrx_word' id='word_1_163' title='bbox 711 1427 840 1465; x_wconf 85' lang='lat' dir='ltr'><strong>videt:</strong></span> <span class='ocrx_word' id='word_1_164' title='bbox 885 1426 1016 1477; x_wconf 83' lang='lat' dir='ltr'><strong>capitis</strong></span> <span class='ocrx_word' id='word_1_165' title='bbox 1045 1426 1208 1464; x_wconf 87' lang='lat' dir='ltr'><strong>arcessit.</strong></span> 
     </span>
     <span class='ocr_line' id='line_1_26' title="bbox 93 1479 1210 1532; baseline 0.001 -15"><span class='ocrx_word' id='word_1_166' title='bbox 93 1480 188 1528; x_wconf 80' lang='lat' dir='ltr'><strong>Hic,</strong></span> <span class='ocrx_word' id='word_1_167' title='bbox 216 1481 399 1532; x_wconf 91' lang='lat' dir='ltr'><strong>quoniam</strong></span> <span class='ocrx_word' id='word_1_168' title='bbox 422 1481 637 1530; x_wconf 66' lang='lat' dir='ltr'><strong>conjectura</strong></span> <span class='ocrx_word' id='word_1_169' title='bbox 662 1493 795 1519; x_wconf 87' lang='lat' dir='ltr'><strong>verum</strong></span> <span class='ocrx_word' id='word_1_170' title='bbox 824 1481 1019 1531; x_wconf 87' lang='lat' dir='ltr'><strong>quaeritur,</strong></span> <span class='ocrx_word' id='word_1_171' title='bbox 1041 1480 1087 1517; x_wconf 89' lang='lat' dir='ltr'><strong>de</strong></span> <span class='ocrx_word' id='word_1_172' title='bbox 1109 1479 1210 1518; x_wconf 89' lang='lat' dir='ltr'><strong>facto</strong></span> 
     </span>
     <span class='ocr_line' id='line_1_27' title="bbox 93 1533 1209 1582; baseline 0 -11"><span class='ocrx_word' id='word_1_173' title='bbox 93 1533 164 1571; x_wconf 90' lang='lat' dir='ltr'><strong>erit</strong></span> <span class='ocrx_word' id='word_1_174' title='bbox 183 1534 457 1580; x_wconf 77' lang='lat' dir='ltr'><strong>controversia3</strong></span> <span class='ocrx_word' id='word_1_175' title='bbox 488 1543 525 1572; x_wconf 91' lang='lat' dir='ltr'><strong>et</strong></span> <span class='ocrx_word' id='word_1_176' title='bbox 551 1548 598 1572; x_wconf 85' lang='lat' dir='ltr'><strong>ex</strong></span> <span class='ocrx_word' id='word_1_177' title='bbox 624 1547 667 1573; x_wconf 92' lang='lat' dir='ltr'><strong>eo</strong></span> <span class='ocrx_word' id='word_1_178' title='bbox 686 1534 902 1575; x_wconf 84' lang='lat' dir='ltr'><strong>constitutio</strong></span> <span class='ocrx_word' id='word_1_179' title='bbox 921 1547 1043 1575; x_wconf 88' lang='lat' dir='ltr'><strong>causae</strong></span> <span class='ocrx_word' id='word_1_180' title='bbox 1062 1535 1209 1582; x_wconf 87' lang='lat' dir='ltr'><strong>conjec-</strong></span> 
     </span>
     <span class='ocr_line' id='line_1_28' title="bbox 91 1587 1208 1639; baseline -0.001 -14"><span class='ocrx_word' id='word_1_181' title='bbox 91 1587 224 1626; x_wconf 85' lang='lat' dir='ltr'><strong>turalis</strong></span> <span class='ocrx_word' id='word_1_182' title='bbox 241 1588 472 1627; x_wconf 86' lang='lat' dir='ltr'><strong>nominatur.</strong></span> <span class='ocrx_word' id='word_1_183' title='bbox 520 1588 714 1639; x_wconf 77' lang='lat' dir='ltr'><strong>Legitima</strong></span> <span class='ocrx_word' id='word_1_184' title='bbox 728 1587 945 1626; x_wconf 88' lang='lat' dir='ltr'><strong>constitutio</strong></span> <span class='ocrx_word' id='word_1_185' title='bbox 970 1594 1039 1635; x_wconf 91' lang='lat' dir='ltr'><strong>est,</strong></span> <span class='ocrx_word' id='word_1_186' title='bbox 1060 1600 1148 1625; x_wconf 91' lang='lat' dir='ltr'><strong>cum</strong></span> <span class='ocrx_word' id='word_1_187' title='bbox 1167 1587 1208 1625; x_wconf 91' lang='lat' dir='ltr'><strong>in</strong></span> 
     </span>
     <span class='ocr_line' id='line_1_29' title="bbox 92 1641 1210 1693; baseline -0.001 -14"><span class='ocrx_word' id='word_1_188' title='bbox 92 1641 230 1692; x_wconf 89' lang='lat' dir='ltr'><strong>scripto</strong></span> <span class='ocrx_word' id='word_1_189' title='bbox 249 1641 395 1693; x_wconf 87' lang='lat' dir='ltr'><strong>aliquid</strong></span> <span class='ocrx_word' id='word_1_190' title='bbox 414 1643 673 1680; x_wconf 87' lang='lat' dir='ltr'><strong>controversiae</strong></span> <span class='ocrx_word' id='word_1_191' title='bbox 691 1642 868 1680; x_wconf 86' lang='lat' dir='ltr'><strong>nascitur.</strong></span> <span class='ocrx_word' id='word_1_192' title='bbox 898 1641 959 1679; x_wconf 88' lang='lat' dir='ltr'><strong>Ea</strong></span> <span class='ocrx_word' id='word_1_193' title='bbox 972 1641 1155 1679; x_wconf 86' lang='lat' dir='ltr'><strong>dividitur</strong></span> <span class='ocrx_word' id='word_1_194' title='bbox 1168 1641 1210 1679; x_wconf 91' lang='lat' dir='ltr'><strong>in</strong></span> 
     </span>
     <span class='ocr_line' id='line_1_30' title="bbox 92 1695 1206 1746; baseline 0 -14"><span class='ocrx_word' id='word_1_195' title='bbox 92 1702 218 1746; x_wconf 88' lang='lat' dir='ltr'><strong>partes</strong></span> <span class='ocrx_word' id='word_1_196' title='bbox 237 1708 317 1744; x_wconf 82' lang='lat' dir='ltr'><strong>sex,</strong></span> <span class='ocrx_word' id='word_1_197' title='bbox 338 1695 520 1746; x_wconf 86' lang='lat' dir='ltr'><strong>scriptum</strong></span> <span class='ocrx_word' id='word_1_198' title='bbox 540 1703 577 1734; x_wconf 91' lang='lat' dir='ltr'><strong>et</strong></span> <span class='ocrx_word' id='word_1_199' title='bbox 596 1696 836 1744; x_wconf 86' lang='lat' dir='ltr'><strong>sententiam,</strong></span> <span class='ocrx_word' id='word_1_200' title='bbox 860 1695 1064 1734; x_wconf 90' lang='lat' dir='ltr'><strong>contrarias</strong></span> <span class='ocrx_word' id='word_1_201' title='bbox 1090 1696 1206 1745; x_wconf 85' lang='lat' dir='ltr'><strong>leges,</strong></span> 
     </span>
     <span class='ocr_line' id='line_1_31' title="bbox 92 1749 1209 1800; baseline 0 -14"><span class='ocrx_word' id='word_1_202' title='bbox 92 1749 334 1800; x_wconf 87' lang='lat' dir='ltr'><strong>ambiguum,</strong></span> <span class='ocrx_word' id='word_1_203' title='bbox 354 1749 627 1798; x_wconf 88' lang='lat' dir='ltr'><strong>definitionem,</strong></span> <span class='ocrx_word' id='word_1_204' title='bbox 645 1750 944 1797; x_wconf 87' lang='lat' dir='ltr'><strong>translationem,</strong></span> <span class='ocrx_word' id='word_1_205' title='bbox 957 1749 1209 1787; x_wconf 87' lang='lat' dir='ltr'><strong>ratiocinatio-</strong></span> 
     </span>
     <span class='ocr_line' id='line_1_32' title="bbox 92 1802 1206 1854; baseline 0 -14"><span class='ocrx_word' id='word_1_206' title='bbox 92 1814 194 1840; x_wconf 89' lang='lat' dir='ltr'><strong>nem.</strong></span> <span class='ocrx_word' id='word_1_207' title='bbox 222 1803 288 1841; x_wconf 86' lang='lat' dir='ltr'><strong>Ex</strong></span> <span class='ocrx_word' id='word_1_208' title='bbox 314 1803 451 1854; x_wconf 91' lang='lat' dir='ltr'><strong>scripto</strong></span> <span class='ocrx_word' id='word_1_209' title='bbox 476 1811 513 1842; x_wconf 91' lang='lat' dir='ltr'><strong>et</strong></span> <span class='ocrx_word' id='word_1_210' title='bbox 538 1804 724 1842; x_wconf 68' lang='lat' dir='ltr'><strong>sententia</strong></span> <span class='ocrx_word' id='word_1_211' title='bbox 750 1803 917 1841; x_wconf 86' lang='lat' dir='ltr'><strong>nascitur</strong></span> <span class='ocrx_word' id='word_1_212' title='bbox 942 1802 1206 1849; x_wconf 89' lang='lat' dir='ltr'><strong>controversia,</strong></span> 
     </span>
     <span class='ocr_line' id='line_1_33' title="bbox 93 1856 1207 1909; baseline 0 -15"><span class='ocrx_word' id='word_1_213' title='bbox 93 1869 184 1894; x_wconf 88' lang='lat' dir='ltr'><strong>cum</strong></span> <span class='ocrx_word' id='word_1_214' title='bbox 197 1856 346 1895; x_wconf 89' lang='lat' dir='ltr'><strong>videtur</strong></span> <span class='ocrx_word' id='word_1_215' title='bbox 364 1857 552 1909; x_wconf 87' lang='lat' dir='ltr'><strong>scriptoris</strong></span> <span class='ocrx_word' id='word_1_216' title='bbox 571 1858 746 1896; x_wconf 88' lang='lat' dir='ltr'><strong>voluntas</strong></span> <span class='ocrx_word' id='word_1_217' title='bbox 765 1870 855 1895; x_wconf 91' lang='lat' dir='ltr'><strong>cum</strong></span> <span class='ocrx_word' id='word_1_218' title='bbox 874 1857 1012 1908; x_wconf 91' lang='lat' dir='ltr'><strong>scripto</strong></span> <span class='ocrx_word' id='word_1_219' title='bbox 1030 1856 1112 1907; x_wconf 89' lang='lat' dir='ltr'><strong>ipso</strong></span> <span class='ocrx_word' id='word_1_220' title='bbox 1131 1856 1207 1894; x_wconf 90' lang='lat' dir='ltr'><strong>dis-</strong></span> 
     </span>
     <span class='ocr_line' id='line_1_34' title="bbox 93 1910 1208 1962; baseline 0 -15"><span class='ocrx_word' id='word_1_221' title='bbox 93 1910 244 1958; x_wconf 88' lang='lat' dir='ltr'><strong>sentire,</strong></span> <span class='ocrx_word' id='word_1_222' title='bbox 263 1910 336 1949; x_wconf 90' lang='lat' dir='ltr'><strong>hoc</strong></span> <span class='ocrx_word' id='word_1_223' title='bbox 353 1912 491 1949; x_wconf 90' lang='lat' dir='ltr'><strong>modo:</strong></span> <span class='ocrx_word' id='word_1_224' title='bbox 523 1911 564 1950; x_wconf 85' lang='lat' dir='ltr'><strong>Si</strong></span> <span class='ocrx_word' id='word_1_225' title='bbox 584 1912 648 1950; x_wconf 78' lang='lat' dir='ltr'><strong>lex</strong></span> <span class='ocrx_word' id='word_1_226' title='bbox 667 1911 729 1960; x_wconf 88' lang='lat' dir='ltr'><strong>sit,</strong></span> <span class='ocrx_word' id='word_1_227' title='bbox 750 1925 837 1962; x_wconf 88' lang='lat' dir='ltr'><strong>quae</strong></span> <span class='ocrx_word' id='word_1_228' title='bbox 861 1912 1008 1960; x_wconf 87' lang='lat' dir='ltr'><strong>jubeat,</strong></span> <span class='ocrx_word' id='word_1_229' title='bbox 1037 1923 1112 1958; x_wconf 88' lang='lat' dir='ltr'><strong>eos,</strong></span> <span class='ocrx_word' id='word_1_230' title='bbox 1139 1910 1208 1961; x_wconf 92' lang='lat' dir='ltr'><strong>qui</strong></span> 
     </span>
     <span class='ocr_line' id='line_1_35' title="bbox 93 1964 1207 2017; baseline 0 -16"><span class='ocrx_word' id='word_1_231' title='bbox 93 1970 247 2015; x_wconf 88' lang='lat' dir='ltr'><strong>propter</strong></span> <span class='ocrx_word' id='word_1_232' title='bbox 276 1971 539 2015; x_wconf 88' lang='lat' dir='ltr'><strong>tempestatem</strong></span> <span class='ocrx_word' id='word_1_233' title='bbox 563 1965 694 2004; x_wconf 89' lang='lat' dir='ltr'><strong>navim</strong></span> <span class='ocrx_word' id='word_1_234' title='bbox 718 1965 952 2017; x_wconf 89' lang='lat' dir='ltr'><strong>reliquerint,</strong></span> <span class='ocrx_word' id='word_1_235' title='bbox 973 1964 1104 2002; x_wconf 89' lang='lat' dir='ltr'><strong>omnia</strong></span> <span class='ocrx_word' id='word_1_236' title='bbox 1120 1977 1207 2014; x_wconf 89' lang='lat' dir='ltr'><strong>per-</strong></span> 
     </span>
     <span class='ocr_line' id='line_1_36' title="bbox 91 2016 1207 2071; baseline 0 -17"><span class='ocrx_word' id='word_1_237' title='bbox 91 2016 206 2063; x_wconf 78' lang='lat' dir='ltr'><strong>dere3</strong></span> <span class='ocrx_word' id='word_1_238' title='bbox 236 2030 368 2056; x_wconf 90' lang='lat' dir='ltr'><strong>eorum</strong></span> <span class='ocrx_word' id='word_1_239' title='bbox 385 2019 514 2057; x_wconf 88' lang='lat' dir='ltr'><strong>navim</strong></span> <span class='ocrx_word' id='word_1_240' title='bbox 534 2027 744 2071; x_wconf 88' lang='lat' dir='ltr'><strong>caeteraque</strong></span> <span class='ocrx_word' id='word_1_241' title='bbox 763 2032 855 2067; x_wconf 86' lang='lat' dir='ltr'><strong>esse,</strong></span> <span class='ocrx_word' id='word_1_242' title='bbox 879 2019 911 2056; x_wconf 90' lang='lat' dir='ltr'><strong>si</strong></span> <span class='ocrx_word' id='word_1_243' title='bbox 933 2018 1040 2056; x_wconf 89' lang='lat' dir='ltr'><strong>navis</strong></span> <span class='ocrx_word' id='word_1_244' title='bbox 1059 2030 1207 2057; x_wconf 86' lang='lat' dir='ltr'><strong>conser-</strong></span> 
     </span>
     <span class='ocr_line' id='line_1_37' title="bbox 90 2071 1207 2123; baseline -0.001 -15"><span class='ocrx_word' id='word_1_245' title='bbox 90 2077 178 2108; x_wconf 87' lang='lat' dir='ltr'><strong>vata</strong></span> <span class='ocrx_word' id='word_1_246' title='bbox 196 2071 257 2120; x_wconf 88' lang='lat' dir='ltr'><strong>sit,</strong></span> <span class='ocrx_word' id='word_1_247' title='bbox 279 2072 345 2123; x_wconf 88' lang='lat' dir='ltr'><strong>qui</strong></span> <span class='ocrx_word' id='word_1_248' title='bbox 364 2074 612 2112; x_wconf 88' lang='lat' dir='ltr'><strong>remanserint</strong></span> <span class='ocrx_word' id='word_1_249' title='bbox 624 2074 666 2111; x_wconf 89' lang='lat' dir='ltr'><strong>in</strong></span> <span class='ocrx_word' id='word_1_250' title='bbox 684 2073 797 2111; x_wconf 88' lang='lat' dir='ltr'><strong>navi:</strong></span> <span class='ocrx_word' id='word_1_251' title='bbox 827 2071 1092 2123; x_wconf 87' lang='lat' dir='ltr'><strong>magnitudine</strong></span> <span class='ocrx_word' id='word_1_252' title='bbox 1110 2078 1207 2108; x_wconf 91' lang='lat' dir='ltr'><strong>tem-</strong></span> 
     </span>
     <span class='ocr_line' id='line_1_38' title="bbox 49 2123 1206 2180; baseline 0.003 -18"><span class='ocrx_word' id='word_1_253' title='bbox 49 2169 55 2173; x_wconf 32' lang='grc'>,</span> <span class='ocrx_word' id='word_1_254' title='bbox 92 2125 246 2174; x_wconf 86' lang='lat' dir='ltr'><strong>pestatis</strong></span> <span class='ocrx_word' id='word_1_255' title='bbox 275 2138 406 2166; x_wconf 87' lang='lat' dir='ltr'><strong>omnes</strong></span> <span class='ocrx_word' id='word_1_256' title='bbox 437 2127 623 2178; x_wconf 85' lang='lat' dir='ltr'><strong>perterriti</strong></span> <span class='ocrx_word' id='word_1_257' title='bbox 644 2127 782 2180; x_wconf 39' lang='lat' dir='ltr'><strong>,navim</strong></span> <span class='ocrx_word' id='word_1_258' title='bbox 813 2127 1062 2179; x_wconf 88' lang='lat' dir='ltr'><strong>reliquerunt,</strong></span> <span class='ocrx_word' id='word_1_259' title='bbox 1097 2132 1139 2166; x_wconf 65' lang='lat' dir='ltr'><strong>et,</strong></span> <span class='ocrx_word' id='word_1_260' title='bbox 1164 2123 1206 2162; x_wconf 82' lang='lat' dir='ltr'><strong>in</strong></span> 
     </span>
    </p>
   </div>
  </div>
 </body>
</html>
