1456 2396
496 89 755 142 ORATOR,
778 91 883 131 οη.
905 93 970 132 56.
1243 98 1295 135 55

169 200 272 250 bilis,
285 212 432 240 necesse
446 207 502 239 est
515 200 704 250 ejusmodi
717 208 896 240 naturam
909 202 1078 241 numeris
1090 204 1285 243 contineri.

170 255 279 294 Nam
298 255 476 294 circuitus
494 255 573 303 ille,
594 268 712 307 quem
731 269 830 307 saepe
845 257 927 305 jam
947 256 1130 306 diximus,
1151 258 1285 298 incita-

166 309 240 348 tior
258 322 417 348 numero
437 309 522 361 ipso
546 309 667 348 fertur
693 316 729 348 et
753 310 910 359 labitur,
938 311 1065 361 quoad
1089 314 1284 363 perveniat

163 363 212 401 ad
231 364 362 412 finem,
383 370 420 402 et
438 363 598 402 insistat.
628 364 881 415 Perspicuum
897 372 951 403 est
965 365 1095 416 igitur,
1113 368 1282 407 numeris

160 417 379 456 adstrictam
397 418 607 457 orationem
626 431 704 456 esse
723 418 872 467 debere,
893 431 1018 457 carere
1037 420 1219 460 versibus.

212 472 290 511 Sed
306 472 349 511 hi
371 473 536 521 numeri,
557 472 746 525 poeticine
773 472 862 521 sint,
891 485 941 511 an
968 486 1016 511 ex
1042 474 1117 512 alio
1143 488 1282 537 genere

158 526 341 578 quodam,
372 527 550 579 deinceps
578 534 634 566 est
660 526 881 565 videndum.
912 527 1060 565 Nullus
1085 536 1141 566 est
1162 530 1281 581 igitur

154 593 338 620 numerus
350 588 458 619 extra
468 581 662 633 poe'ticos;
691 589 890 633 propterea
902 581 1006 633 quod
1020 582 1177 622 definita
1190 593 1281 623 sunt

155 647 294 686 genera
320 648 595 674 numerorum.
625 648 718 674 nam
745 636 870 675 omnis
898 636 983 675 talis
1011 644 1080 685 est,
1105 645 1149 676 ut
1176 651 1278 678 unus

154 689 204 727 sit
229 702 250 728 e
275 689 408 729 tribus.
439 690 513 729 Pes
538 690 657 740 enim,
684 690 752 742 qui
777 690 981 729 adhibetur
1006 691 1055 729 ad
1080 703 1276 743 numeros,

153 744 317 795 partitur
344 745 387 783 in
415 745 502 793 tria,
535 752 581 783 ut
612 757 762 784 necesse
791 745 853 795 sit,
884 753 1034 797 partem
1070 746 1177 797 pedis
1207 757 1275 787 aut

152 798 342 861 aequalem
366 799 477 838 alteri
503 799 617 850 parti,
648 806 717 838 aut
749 799 867 838 altero
896 807 1018 848 tanto,
1048 808 1115 838 aut
1147 802 1273 863 sesqui

151 865 231 892 ωδε
247 854 447 903 majorem.
486 854 550 893 Ita
567 854 612 893 fit
631 854 789 906 aequalis
808 854 995 915 dactylus,
1013 853 1184 906 duplex'
1168 869 1271 905 Jam-

150 907 238 957 bus,
263 908 391 975 sesqui
413 920 550 959 paeon;
581 908 650 961 qui
676 908 790 960 pedes
816 908 858 946 in
883 908 1093 947 orationem
1112 921 1190 948 non
1210 924 1272 949 ca-

147 961 237 1000 dere
254 963 324 1015 qui
351 971 536 1015 possunt.
527 965 544 991 ⁹
568 963 714 1025 ’quibus
739 963 872 1002 ordine
896 963 1041 1013 locatis,
1062 964 1167 1016 quod
1189 964 1271 1004 effi-

148 1015 261 1066 citur,
280 1029 529 1056 numerosum
549 1018 597 1056 sit
615 1030 764 1056 necesse
783 1024 850 1057 est.

203 1070 281 1110 Sed
308 1072 506 1133 quaeritur,
538 1085 616 1125 quo
644 1084 820 1121 numero,
851 1080 919 1111 aut
947 1072 1087 1125 quibus
1117 1074 1269 1126 potissi-

147 1137 274 1175 mum,
293 1126 343 1164 sit
360 1126 561 1165 utendum.
606 1126 780 1166 Incidere
799 1140 886 1166 vero
905 1140 1037 1166 omnes
1062 1128 1103 1166 in
1129 1129 1268 1168 oratio-

144 1191 250 1229 nem,
270 1180 386 1219 etiam
404 1194 452 1220 ex
470 1180 542 1219 hoc
560 1181 725 1233 intelligi
741 1189 878 1232 potest,
900 1182 1004 1233 quod
1023 1196 1152 1222 versus
1165 1197 1266 1235 saepe

144 1234 185 1272 in
210 1234 379 1274 oratione
401 1248 471 1297 per
497 1235 798 1287 imprudentiam
824 1236 989 1275 dicimus
1010 1237 1132 1288 (quod
1151 1238 1264 1276 vehe-

142 1295 292 1327 menter
310 1296 366 1328 ωε
383 1289 590 1337 vitiosum3
620 1289 686 1329 sed
704 1302 782 1328 non
793 1290 1041 1340 attendimus,
1057 1304 1182 1344 neque
1197 1306 1264 1331 ex-

142 1342 324 1382 audimus
340 1351 491 1383 nosmet
507 1344 650 1395 ipsos):
680 1345 846 1383 senarios
864 1357 966 1394 vero,
981 1352 1018 1384 et
1037 1345 1262 1406 Hipponac-

141 1403 235 1445 teos,
256 1397 422 1449 effugere
435 1398 501 1437 vix
518 1411 733 1450 possumus.
776 1398 970 1450 Magnam
988 1400 1092 1438 enim
1110 1408 1262 1452 partem

141 1464 190 1490 ex
207 1451 346 1492 iambis
372 1460 500 1491 nostra
518 1461 664 1492 constat
683 1453 826 1492 oratio·
858 1453 924 1492 sed
941 1461 1072 1492 tamen
1092 1467 1154 1493 eos
1177 1469 1260 1494 ver-

139 1519 203 1545 sus
227 1505 339 1545 facile
363 1507 534 1559 agnoscit
558 1507 737 1554 auditor,
768 1515 858 1546 sunt
880 1508 985 1547 enim
1006 1509 1257 1548 usitatissimi.

137 1559 384 1601 Inculcamus
415 1568 546 1601 autem
575 1575 643 1614 per
674 1561 976 1614 imprudentiam
1009 1576 1109 1615 saepe
1141 1564 1259 1604 etiam

135 1615 266 1654 minus
282 1615 456 1666 usitatos,
483 1616 549 1655 sed
571 1624 701 1655 tamen
727 1629 884 1655 versus:
914 1616 1095 1656 vitiosum
1119 1631 1256 1670 genus,

133 1676 174 1708 et
189 1669 308 1721 longa
325 1670 446 1709 animi
456 1670 670 1722 provisione
681 1670 922 1722 fugiendum.
950 1671 1083 1723 Elegit
1095 1685 1142 1710 ex
1152 1675 1257 1712 mul-

134 1723 185 1762 tis
209 1724 386 1764 Isocratis
410 1725 519 1765 libris
540 1725 698 1777 triginta
722 1725 879 1764 fortasse
904 1738 1034 1764 versus
1059 1726 1255 1780 Hierony-

135 1790 238 1829 mus,
259 1778 561 1841 Peripateticus
549 1792 591 1819 m
609 1779 744 1831 primis
758 1780 911 1830 nobilis,
924 1780 1127 1833 plerosque
1145 1795 1254 1820 sena-

131 1832 221 1881 rios,
241 1832 308 1871 sed
325 1833 441 1872 etiam
459 1842 679 1886 anapaesta;
709 1846 787 1887 quo
805 1834 900 1886 quid
917 1842 1042 1886 potest
1067 1849 1146 1875 esse
1173 1843 1254 1874 tur-

132 1886 252 1938 pius?
281 1887 352 1926 etsi
375 1888 417 1926 in
443 1888 618 1951 eligendo
643 1889 733 1928 fecit
754 1889 970 1928 malitiose:
1000 1889 1129 1942 prima
1149 1891 1253 1929 enim

132 1941 282 1992 syllaba
298 1941 458 1981 demta'
446 1955 489 1981 m
506 1943 632 1995 primo
655 1945 769 1982 verbo
789 1943 997 1991 sententiae‚
1013 1951 1252 2006 postremum

130 1995 182 2033 ad
199 1997 359 2035 verbum
377 1997 545 2049 primam
569 2011 700 2037 rursus
727 1998 916 2059 syllabam
944 1998 1124 2059 adjunxit
1151 1999 1251 2038 inse-

131 2051 294 2100 quentis.
324 2050 389 2089 Ita
405 2051 528 2090 faetus
546 2059 602 2091 est
620 2060 835 2104 anapaestus
852 2052 899 2101 is,
921 2052 990 2104 qui
1016 2052 1249 2104 Aristopha-

131 2115 226 2142 neus
243 2105 463 2144 nominatur
474 2120 487 2145 ε
516 2106 622 2158 quod
639 2118 689 2145 ne
706 2107 865 2154 accidat,
884 2106 1075 2146 observari
1092 2119 1163 2145 nec
1179 2119 1250 2158 po-

129 2163 216 2206 test,
232 2169 301 2197 nec
319 2171 468 2199 necesse
484 2168 551 2198 ost.
593 2160 668 2199 Sed
687 2168 816 2200 tamen
841 2160 903 2199 hic
922 2168 1121 2209 corrector,
1140 2160 1181 2198 in
1206 2173 1251 2199 eo

132 2210 216 2263 ipso
233 2211 329 2265 loen,
351 2226 429 2267 quo
447 2214 703 2268 reprehendit,
725 2220 787 2262 (ut
813 2229 836 2256 a
860 2227 924 2256 me
941 2214 1251 2256 animadversum
