1456 2396
218 116 295 155 126
357 113 534 154 ORAT.
566 111 983 162 PARTITIONES,
1015 113 1120 153 CAP.
1141 108 1213 154 323·

216 227 312 262 bum
332 223 491 275 aliquod
517 224 565 262 de
590 222 729 275 scripto
754 222 1016 260 definiendum
1039 229 1109 271 est,
1130 235 1249 274 quam
1268 225 1348 264 v‘im

219 279 385 324 habeat3
415 286 474 326 ut,
496 291 587 316 cum
605 290 654 315 ex
671 276 922 324 testamentis,
943 276 1038 328 quid
1058 277 1106 314 sit
1123 290 1260 328 penus,
1280 286 1350 318 aut

219 345 312 372 cum
338 345 386 370 ex
410 332 497 384 lege
521 331 656 383 praedii
681 330 880 383 quaeritur,
900 343 988 382 quae
1013 330 1090 369 sint
1114 338 1201 370 ruta
1225 345 1348 380 caesa3

219 399 297 425 non
317 386 447 438 scripti
465 399 600 438 genus,
621 386 687 424 sed
704 385 811 424 verbi
835 385 1110 435 interpretatio,
1135 392 1350 426 controver-

220 441 318 479 siam
336 441 448 492 parit.
490 441 594 479 Cum
620 448 749 478 autem
774 439 888 490 plura
914 438 1177 490 significantur
1194 441 1348 492 scripto,

220 502 375 547 propter
394 495 500 534 verbi
519 501 586 533 aut
605 496 808 532 verborum
834 493 1143 544 ambiguitatem,
1169 501 1215 532 ut
1238 494 1350 534 liceat

221 549 270 598 ei,
292 550 360 601 qui
379 556 509 588 contra
522 548 637 597 dicat,
653 561 697 586 eo
712 548 861 586 trahere
875 547 1191 598 significationem
1205 549 1350 601 scripti,

222 616 301 655 quo
326 603 517 655 expediat,
546 611 613 641 aut
638 602 756 648 velit;
791 609 872 648 aut,
903 601 934 639 si
959 602 1141 653 ambigue
1165 603 1351 655 scriptum

221 670 299 696 non
320 658 381 706 sit,
402 659 461 696 vel
481 672 504 696 a
523 657 646 695 verbis
665 657 902 694 voluntatem
924 662 961 693 et
981 656 1209 695 sententiam
1234 659 1352 710 scrip-

222 712 315 750 toris
342 712 544 760 abducere,
571 711 632 749 vel
659 711 734 748 alio
762 723 815 759 se,
846 709 981 748 eadem
1009 710 1057 748 de
1084 723 1139 758 re,
1168 714 1355 752 contrarie

224 767 364 818 scripto
383 766 609 810 defendere3
636 772 723 803 tum
742 764 964 815 disceptatio
983 777 1031 802 ex
1051 765 1180 816 scripti
1199 773 1356 806 conten-

224 821 328 859 tione
351 821 510 868 exsistit,
531 828 575 858 ut
594 820 634 857 in
655 818 848 869 ambiguis
867 818 1110 870 disceptetur,
1130 819 1226 872 quid
1244 819 1356 860 max-

222 875 301 913 ime
338 875 600 927 significetur3
643 873 683 910 in
723 872 852 924 scripti
889 873 1162 925 sententiaeque
1199 883 1355 914 conten-

223 929 341 977 tione,
370 937 503 967 utrum
531 928 658 980 potius
690 935 872 978 sequatur
899 926 1050 976 judex3
1089 928 1131 966 in
1158 931 1355 970 contrariis

223 983 386 1035 scriptis,
407 991 537 1021 utrum
559 982 683 1033 magis
702 982 749 1020 sit
768 981 1110 1032 comprobandum.

279 1037 517 1089 Disceptatio
536 1046 665 1076 autem
685 1048 775 1074 eum
801 1042 857 1073 est
875 1036 1094 1083 constituta,
1114 1038 1354 1090 propositum

224 1105 304 1130 esse
323 1092 436 1130 debet
454 1092 608 1137 oratori,
626 1103 704 1142 quo
718 1102 851 1128 omnes
866 1092 1229 1140 argumentationes,
1245 1107 1353 1146 repe-

226 1147 307 1184 titae
333 1160 380 1184 ex
406 1146 625 1184 inveniendi
650 1145 756 1191 locis,
777 1144 1040 1194 conjiciantur.
1077 1146 1197 1193 Quod
1215 1160 1354 1199 quam-

225 1213 346 1252 quam
376 1201 465 1239 satis
496 1208 552 1238 est
582 1200 629 1248 ei,
657 1199 725 1251 qui
754 1198 872 1246 videt,
901 1199 997 1250 quid
1020 1199 1062 1237 in
1090 1213 1245 1253 quoque
1270 1203 1355 1243 loco

224 1255 355 1302 lateat,
377 1255 521 1307 quique
539 1255 625 1292 illos
643 1253 758 1299 locos,
779 1261 980 1304 tamquam
996 1253 1192 1293 thesauros
1205 1256 1355 1309 aliquos

225 1317 556 1360 argumentorum,
576 1315 725 1347 notatos
743 1307 884 1353 habet3
915 1314 1045 1346 tamen
1071 1321 1129 1358 m,
1150 1322 1239 1361 quae
1264 1321 1354 1352 sunt

224 1372 416 1402 certarum
436 1376 637 1402 causarum
657 1361 826 1413 propria,
847 1369 1063 1413 tangemus.

280 1418 468 1456 XXXII.
505 1419 554 1456 In
585 1416 802 1466 conjectura
831 1415 963 1467 igitur,
994 1429 1084 1456 cum
1114 1425 1170 1457 est
1198 1419 1240 1458 in
1264 1419 1353 1461 infi-

225 1473 361 1512 ciando
386 1486 486 1519 reus,
515 1471 723 1511 accusatori
750 1470 832 1509 haec
859 1470 937 1509 duo
963 1471 1091 1523 prima
1117 1480 1232 1520 sunt3
1267 1476 1352 1518 (sed

224 1535 481 1566 accusatorem
514 1540 583 1578 pro
616 1526 723 1565 omni
755 1532 880 1563 actore
912 1532 950 1563 et
981 1526 1142 1577 petitore
1168 1529 1348 1580 appello:

223 1589 385 1634 possunt
410 1582 528 1629 enim,
556 1581 671 1619 etiam
697 1580 777 1618 sine
803 1589 1031 1628 accusatore,
1058 1581 1099 1619 in
1125 1583 1247 1622 causis
1268 1584 1352 1624 haec

225 1637 359 1675 eadem
379 1636 718 1674 controversiarum
744 1647 883 1686 genera
908 1635 1064 1682 versari)
1091 1635 1156 1674 sed
1174 1637 1256 1677 haec
1272 1639 1352 1679 duo

224 1698 315 1729 sunt
343 1690 377 1728 ei
405 1690 544 1741 prima,
575 1703 689 1728 causa
716 1697 753 1727 et
779 1696 947 1728 eventus.
988 1688 1156 1729 Causam
1184 1694 1351 1744 appello,

154 1786 161 1794 ,
224 1745 412 1783 rationem
431 1743 643 1789 efficiendi3
673 1751 868 1792 eventum,
889 1742 942 1791 id,
964 1744 1068 1795 quod
1086 1752 1143 1783 est
1160 1746 1352 1788 effecmm.

224 1804 360 1851 Atque
379 1799 462 1850 ipsa
481 1798 638 1850 quidem
657 1798 812 1850 partitio
836 1811 1038 1836 causarum
1063 1800 1181 1850 paulo
1205 1809 1294 1841 ante
1310 1803 1353 1843 in

225 1853 411 1892 suasionis
436 1853 528 1891 locis
553 1853 756 1891 distributa
781 1859 847 1891 est.
889 1852 990 1900 Quae
1015 1854 1120 1892 enim
1137 1854 1178 1892 in
1197 1857 1355 1897 oonsilio

224 1908 409 1960 capiendo
423 1906 544 1945 futuri
559 1907 740 1959 temporis
753 1907 1085 1958 praecipiebantur,
1101 1912 1354 1960 quamobrem

226 1971 294 2000 aut
313 1962 518 2000 utilitatem
538 1961 756 2000 viderentur
774 1961 966 2010 habitura,
990 1971 1057 2002 aut
1082 1963 1269 2003 efficiendi
1293 1966 1352 2005 fa-

224 2018 422 2063 cultatem,
445 2015 593 2064 eadem,
614 2016 682 2068 qui
701 2016 749 2054 de
767 2015 867 2054 facto
881 2017 1226 2068 argumentabitur,
1246 2021 1352 2060 colli..

224 2085 314 2122 gere
333 2070 500 2117 debebit,
521 2072 774 2122 quamobrem
794 2079 831 2108 ct
851 2070 961 2108 utilia
978 2071 1050 2120 illi,
1071 2085 1187 2124 quem
1202 2083 1350 2126 arguet,

225 2125 355 2173 fuisse,
377 2133 415 2164 et
433 2126 482 2163 ab
502 2138 547 2162 eo
565 2124 662 2163 effici
681 2125 861 2176 potuisse,
882 2124 1126 2165 demonstret.
1165 2127 1353 2170 Utilitatis

226 2181 444 2229 conjectura
462 2186 651 2226 movetur,
681 2179 712 2217 si
736 2179 847 2226 illud,
869 2179 973 2232 quod
992 2181 1179 2233 arguitur,
1199 2189 1266 2220 aut
1284 2197 1352 2236 spe

224 2235 429 2284 bonorum,
453 2241 520 2273 aut
538 2233 732 2274 malorum
750 2241 871 2283 metu,
899 2233 1029 2276 fecisse
1054 2235 1218 2284 dicitur3
1248 2239 1353 2290 quod
