1466 2458
212 102 267 140 2⁶2
531 102 793 152 ORATOR,
823 103 930 143 CAP.
951 104 1017 142 24.

208 218 266 251 est
283 210 458 264 diligens.
490 212 611 262 Nam,
625 220 670 252 ut
682 213 863 252 mlieres
876 226 956 252 esse
973 211 1155 251 dicuntur
1167 207 1337 250 nonnul-

207 268 257 305 1ae
275 267 475 316 inornatae,
495 281 592 320 quas
610 268 651 306 id
676 269 806 321 ipsum
825 268 982 313 deceat;
1012 267 1065 306 sic
1082 267 1165 305 haec
1182 265 1336 304 subtilis

209 321 345 369 cratin,
366 322 483 360 etiam
509 323 692 372 incomta,
712 323 886 362 delectat⁴
927 322 993 360 Fit
1018 321 1122 360 enim
1146 319 1336 373 quiddam

207 376 251 414 in
269 384 448 428 utroque,
469 390 547 429 quo
574 377 623 416 sit
648 378 859 426 venustius,
880 377 946 416 sed
970 389 1049 415 non
1073 383 1119 414 ut
1143 380 1339 427 appmaet.

210 431 320 469 Tum
358 432 617 471 removebitur
653 432 779 471 omnis
814 431 975 484 insignis
1013 438 1185 479 ornatus,
1227 428 1341 481 quasi

209 485 532 537 margaritarum:
562 499 612 525 ne
631 487 840 526 calamistri
857 487 1016 539 quidem
1035 485 1336 524 adhibebuntur.

210 539 348 579 Fucati
374 554 464 580 vero
481 541 762 581 medicamenta
786 541 960 581 candoris
979 548 1017 579 et
1040 539 1191 579 ruboris
1207 537 1340 578 omnia

206 595 467 646 repellentur:
498 596 688 647 elegantia
711 597 843 644 modo,
865 605 903 636 et
927 594 1137 643 munditia,
1163 605 1340 632 remane-

209 649 279 688 bit.
308 649 445 689 Sermo
461 664 583 702 purus
596 651 680 700 erit,
696 659 734 689 et
750 651 940 690 Latinus:
967 648 1135 688 dilucide
1145 648 1339 701 planeque

212 704 384 743 dicetur:
415 705 511 757 quid
530 705 675 752 deceat,
696 705 1035 758 circumspicietur.

262 758 427 798 XXIV.
462 759 601 798 Unum
630 760 765 809 aderit,
797 760 904 812 quod
933 766 1119 812 quartum
1156 762 1338 796 numerat

209 812 503 866 Theophrastus
528 814 570 852 in
597 815 780 854 orationis
807 814 1003 863 laudibus,
1022 820 1204 852 omatum
1222 811 1338 860 illud,

205 881 323 907 suave
336 876 374 907 et
387 868 573 908 affluens:
604 878 726 908 acutae
744 871 962 922 crebraeque
977 867 1176 907 sententiae
1189 878 1340 919 ponen-

207 928 286 972 tur,
319 930 357 961 et
381 923 508 962 nescio
535 923 639 963 unde
667 937 716 963 ex
740 924 871 963 abdito
897 930 1029 971 erutae,
1060 931 1176 975 atque
1200 921 1242 959 in
1266 920 1342 960 hoc

203 984 355 1016 oratore
373 977 690 1017 dominabuntur.
720 978 974 1018 Verecundus
999 977 1071 1016 erit
1096 990 1190 1016 usus
1214 982 1342 1014 orato-

205 1031 274 1070 riae
292 1032 403 1084 quasi
423 1033 681 1084 supellectilis.
723 1033 909 1086 Supellex
935 1040 992 1072 est
1017 1031 1124 1071 enim
1147 1029 1341 1083 quodam-

206 1086 324 1125 modo
341 1095 485 1133 nostra,
507 1101 595 1139 quae
610 1096 666 1126 est
684 1087 725 1126 in
745 1087 993 1137 ornamentis,
1008 1086 1086 1125 alia
1102 1098 1251 1134 rerum,
1263 1084 1342 1123 alia

206 1142 425 1179 verborum.
456 1141 630 1181 Ornatus
649 1150 780 1181 autem
799 1144 1020 1190 verborum,
1033 1141 1206 1193 duplexz
1235 1151 1341 1178 unus

206 1195 458 1247 simplicium,
475 1197 570 1235 alter
588 1197 872 1236 collocatorum.
903 1196 1080 1249 Simplex
1097 1196 1284 1248 probatur
1296 1193 1340 1231 in

205 1250 370 1302 propriis
398 1251 625 1303 usitatisque
650 1252 790 1300 verbis,
819 1252 926 1304 quod
949 1259 1018 1290 aut
1042 1250 1188 1303 optime
1213 1254 1337 1297 sonat,

206 1312 276 1343 aut
295 1318 377 1343 rem
401 1306 573 1344 maxime
597 1306 805 1357 explanat:
836 1307 878 1345 in
904 1305 1053 1353 alienis,
1082 1311 1152 1343 aut
1178 1303 1342 1342 transla-

206 1366 308 1407 tum,
338 1367 405 1398 aut
432 1367 607 1399 sumtum
633 1360 803 1409 aliunde,
832 1368 878 1399 ut
902 1368 1070 1406 mutuo;
1100 1365 1169 1398 aut
1193 1357 1342 1397 factum

206 1415 256 1452 ab
271 1414 369 1466 ipso,
386 1422 454 1452 aut
465 1427 639 1460 novum3
669 1424 738 1454 aut
754 1415 926 1467 priscum
941 1424 978 1454 et
991 1414 1234 1454 inusitatum.
1263 1411 1342 1452 Sed

208 1468 325 1506 etiam
343 1469 527 1507 inusitata
546 1482 589 1508 ac
607 1469 731 1521 prisca
750 1478 841 1508 sunt
858 1470 900 1508 in
919 1468 1084 1521 propriis
1100 1481 1114 1514 ;
1143 1467 1219 1506 nisi
1235 1466 1343 1519 quod

208 1535 295 1561 raro
312 1523 475 1561 utimur.
506 1523 703 1562 Collocata
717 1532 849 1562 autem
861 1526 978 1563 verba
988 1524 1133 1562 habent
1144 1529 1339 1570 ornatum,

207 1577 241 1616 si
259 1577 408 1629 aliquid
426 1578 691 1616 concinnitatis
710 1578 895 1626 efficiunt,
915 1577 1022 1631 quod
1039 1576 1164 1617 verbis
1181 1575 1342 1614 mutatis

207 1643 287 1670 non
305 1640 476 1680 maneat,
497 1640 678 1671 manente
697 1634 899 1672 sententia.
935 1633 1045 1672 Nam
1063 1631 1342 1670 sententiarum

207 1694 448 1733 ornamenta,
470 1700 558 1738 quae
584 1696 828 1738 permanent,
849 1687 1000 1727 etiamsi
1023 1687 1142 1725 verba
1166 1691 1344 1724 mutave-

207 1741 274 1790 ris,
295 1749 387 1780 sunt
412 1741 481 1779 illa
500 1741 659 1793 quidem
677 1743 886 1793 permulta,
915 1742 997 1793 sed,
1017 1754 1106 1793 quae
1131 1740 1342 1788 emineant,

208 1796 401 1847 pauciora.
430 1795 539 1846 Ergo
557 1796 623 1834 ille
649 1797 774 1835 tenuis
792 1805 934 1845 orator,
953 1796 1071 1835 modo
1097 1795 1147 1834 sit
1172 1795 1341 1846 elegans,

205 1862 277 1889 nec
294 1850 337 1888 in
355 1849 539 1888 faciendis
558 1850 683 1889 verbis
701 1851 772 1890 erit
790 1851 934 1901 audax,
951 1859 988 1890 et
1006 1851 1048 1889 in
1065 1848 1341 1888 transferendis

208 1904 462 1952 verecundus,
483 1912 521 1942 et
550 1917 690 1956 parcus
715 1906 755 1943 in
781 1906 941 1958 priscis3
970 1904 1207 1958 reliquisque
1230 1915 1344 1942 orna-

209 1960 351 1998 mentis
363 1967 400 1998 et
415 1961 620 1998 verborum
635 1967 672 1997 et
684 1961 960 2000 sententiarum
974 1959 1198 2005 demission
1219 1965 1343 1996 trans-

210 2014 354 2053 latione
380 2014 541 2053 fortasse
569 2014 748 2065 crebrior,
777 2016 857 2067 qua
881 2014 1191 2068 frequentissime
1216 2024 1343 2051 sermo

208 2068 336 2107 omnis
354 2068 491 2117 utitur,
512 2080 591 2106 non
609 2068 726 2107 modo
751 2072 1005 2118 urbanorum,
1026 2069 1093 2107 sed
1118 2068 1238 2107 etiam
1257 2079 1343 2105 rus-

205 2123 397 2169 tioorum;
427 2123 619 2175 siquidem
640 2131 697 2162 est
715 2136 863 2173 eorum,
880 2137 1080 2174 gemmare
1098 2124 1206 2171 vites,
1226 2122 1342 2160 sitire

205 2191 332 2227 agros,
352 2180 465 2216 Icelus
483 2191 562 2217 esse
579 2184 733 2228 segetes,
753 2179 954 2218 luxuriosa
963 2178 1193 2230 frumenta.
1221 2175 1337 2214 Nihil

206 2231 348 2271 horum
367 2245 507 2285 parum
526 2232 707 2272 audacter
721 2248 733 2272 ε
763 2234 831 2273 sed
848 2242 917 2273 aut
934 2230 1219 2281 simileestilli,
1235 2229 1343 2269 unde
