1456 2396
209 103 291 141 254
321 102 405 142 AD
426 101 811 153 HERENNIUM,
825 102 926 142 Iam.
943 102 1020 142 IV.
1034 102 1141 143 CAP.
1159 103 1225 144 49.

205 212 364 264 pissimo
383 212 549 265 corporis
567 220 703 260 motu3
733 226 811 265 quo
824 212 963 251 melius
981 219 1138 252 ornatus
1153 220 1191 252 et
1207 212 1333 265 magis

205 267 322 305 fuerit
349 275 602 319 exspectatus,
634 280 678 306 eo
707 268 832 319 magis
861 267 1007 306 derisus
1037 274 1075 306 et
1101 275 1332 316 contemtus,

206 321 381 372 ejicitur:
411 322 480 370 ita,
501 322 532 360 si
550 322 638 374 quis
655 322 698 360 in
717 323 865 361 excelso
883 323 981 371 loco,
1002 328 1040 361 et
1056 322 1098 360 in
1116 322 1269 374 magnis
1287 335 1332 361 ac

203 377 459 428 locupletibus
478 376 596 428 oopiis
614 377 833 426 collocatus,
859 377 1024 414 fortunae
1041 377 1268 416 muneribus
1293 384 1333 415 et

203 438 352 469 naturae
371 431 581 470 commodis
599 432 779 470 omnibus
794 431 1006 469 abundabit
1022 444 1034 476 3
1065 431 1096 469 si
1111 431 1276 480 virtutis,
1293 437 1332 469 et

205 485 348 523 artium
382 499 470 537 quae
502 486 653 524 virtutis
685 485 879 536 magistrae
911 492 1015 533 sunt,
1055 485 1210 536 egebit;
1251 498 1330 538 quo

202 540 328 590 magis
361 540 504 579 caeteris
537 542 650 579 rebus
680 540 853 592 copiosus
892 540 975 587 erit,
1009 547 1046 578 et
1077 539 1236 578 illustris
1271 538 1331 589 [et

203 596 479 647 exspectatus],
508 607 552 633 eo
578 594 841 633 vehementius
867 594 1013 633 derisus
1035 601 1073 632 et
1099 601 1330 642 contemtus,

203 660 252 686 ex
272 648 379 686 omni
398 656 587 688 conventu
606 650 797 687 bonorum
818 648 1030 698 ejicietur.”
1071 648 1161 687 Hoc
1188 648 1328 696 simile,

203 703 449 742 exornatione
467 703 667 755 utriusque
685 703 753 750 rei,
769 710 806 741 et
820 702 975 741 alterius
993 703 1140 741 inertiae
1159 703 1328 751 artificis,

201 756 357 795 alterius
376 758 552 807 stultitia,
567 758 683 796 Simili
696 757 843 796 ratione
855 757 1007 805 collata,
1021 759 1092 795 sub
1105 757 1331 810 adspectum

204 811 382 850 omnium
400 825 483 851 rem
503 812 675 862 subjecit.

256 864 465 905 XLVIII.
502 866 667 905 Dictum
703 873 833 904 autem
872 873 927 904 est
963 879 1032 918 per
1068 866 1327 917 collationem,

201 928 402 972 propterea
434 921 553 973 quod,
581 921 776 973 proposita
810 920 1075 969 similitudine,
1102 921 1210 973 paria
1239 929 1330 960 sunt

200 975 331 1012 omnia
350 975 480 1015 relata.
519 976 569 1013 In
589 976 778 1013 similibus
805 977 1004 1014 observare
1031 976 1221 1027 oportebit
1240 975 1328 1014 dili-

200 1036 346 1079 genter,
378 1036 437 1076 ut,
470 1043 559 1068 cum
584 1043 665 1068 rem
695 1030 899 1068 afferamus
925 1030 1107 1077 similem,
1134 1031 1244 1080 cujus
1274 1030 1329 1069 rei

201 1083 316 1121 causa
344 1079 647 1122 similitudinem
665 1083 921 1131 attulerimus,
951 1086 1067 1122 verba
1095 1097 1250 1136 quoque
1278 1085 1328 1123 ad

200 1133 493 1176 similitudinem
505 1139 717 1176 habeamus
729 1138 1026 1176 accommodata.
1058 1138 1107 1176 Id
1122 1146 1178 1177 est
1191 1139 1329 1189 hujus-

199 1191 306 1230 modi
321 1207 330 1230 :
364 1194 393 1214 “
413 1193 471 1231 Ut
489 1193 715 1231 hirundines
735 1192 863 1230 aestivo
879 1199 1050 1244 tempore
1068 1200 1208 1244 praesto
1221 1201 1326 1243 sunt,

197 1244 338 1297 frigore
350 1247 473 1298 pulsae
484 1247 707 1285 recedunt.”
735 1246 801 1284 Ex
813 1246 947 1284 eadem
961 1247 1212 1286 similitudine
1223 1260 1329 1287 nunc

199 1313 268 1351 per
293 1301 581 1340 translationem
602 1303 717 1340 verba
735 1301 925 1339 sumimus
942 1315 952 1339 ε
985 1303 1014 1324 “
1034 1301 1088 1340 ita
1105 1301 1193 1340 falsi
1212 1303 1327 1342 amici

199 1367 330 1393 sereno
353 1355 441 1394 vitae
466 1364 637 1408 tempore
662 1363 800 1408 praesto
827 1363 942 1402 sunt;
973 1356 1090 1394 simul
1108 1363 1226 1408 atque
1243 1357 1327 1396 hie-

198 1421 304 1447 mem
323 1409 488 1449 fortunae
504 1410 681 1459 viderint,
698 1410 878 1449 devolant
892 1411 1067 1449 omnoeJ’
1097 1411 1174 1450 Sed
1191 1411 1326 1450 inven-

197 1463 251 1501 tio
271 1464 456 1503 similium
475 1465 597 1503 facilis
617 1465 700 1513 erit,
730 1464 761 1503 si
787 1465 873 1517 quis
900 1465 972 1504 sibi
999 1478 1132 1504 omnes
1157 1479 1216 1504 τω
1241 1466 1326 1505 ani-

196 1525 320 1556 matas
352 1526 389 1557 et
418 1519 662 1566 inanimatas,
690 1527 818 1558 mutas
849 1527 886 1558 et
917 1519 1131 1572 loquentes,
1163 1520 1262 1559 feras
1288 1528 1326 1560 et

195 1580 429 1622 mansuetas,
451 1582 642 1612 terrestres
670 1582 707 1612 et
733 1574 897 1612 eoelestes
924 1582 961 1612 et
984 1574 1212 1622 maritimas,
1233 1575 1325 1614 arti-

195 1625 295 1675 ficio,
310 1640 413 1676 casu,
434 1629 572 1666 natura
588 1637 839 1680 comparatas,
860 1629 1018 1667 usitatas
1033 1636 1148 1680 atque
1162 1629 1324 1669 inusita-

195 1687 266 1729 ωε,
288 1681 506 1734 frequenter
531 1691 619 1721 ante
639 1684 768 1721 oculos
793 1683 933 1735 poterit
958 1695 1112 1735 ponere,
1134 1691 1171 1721 et
1196 1697 1244 1722 ex
1262 1684 1324 1723 his

193 1735 366 1788 aliquam
386 1738 515 1775 venari
541 1737 849 1784 similitudinem,
871 1751 958 1789 quae
985 1745 1052 1775 aut
1078 1750 1226 1786 ornare,
1254 1746 1323 1777 aut

193 1787 340 1837 docere,
363 1798 430 1829 aut
455 1792 682 1843 apertiorem
707 1805 789 1830 rem
814 1791 950 1839 facere,
972 1799 1041 1830 aut
1066 1804 1207 1843 ponere
1232 1801 1324 1832 ante

193 1844 336 1892 oculos,
357 1846 487 1896 possit„
522 1846 614 1884 Non
635 1846 738 1885 enim
758 1859 817 1884 res
837 1854 915 1884 tota
934 1846 1005 1884 toti
1024 1846 1078 1884 rei
1096 1859 1247 1886 necesse
1266 1854 1322 1886 est

192 1897 328 1937 similis
347 1900 408 1947 sit,
430 1899 496 1938 sed
515 1900 564 1938 ad
583 1901 726 1952 ipsum,
743 1901 792 1939 ad
812 1900 916 1953 quod
935 1900 1164 1951 conferetur,
1185 1901 1322 1941 simili-

192 1952 368 1992 tudinem
387 1954 541 2002 habeat,
562 1963 721 2007 oportet.

246 2006 406 2046 XLIX.
441 2009 684 2060 Exemplum
718 2017 773 2048 est
806 2009 970 2060 alicujus
1003 2009 1094 2049 facti
1127 2016 1194 2049 aut
1226 2011 1320 2050 dicti

193 2059 433 2115 [praeteritiL
466 2076 555 2101 cum
582 2064 672 2102 certi
703 2065 867 2103 auctoris
897 2064 1067 2109 nomine,
1095 2066 1316 2117 propositio.

192 2115 241 2154 Id
261 2117 427 2156 sumitur
445 2117 580 2156 iisdem
593 2117 640 2156 de
652 2119 788 2166 causis,
803 2120 944 2171 quibus
958 2119 1181 2158 similitudo.
1214 2120 1317 2158 Rem

189 2171 420 2210 ornatiorem
454 2172 559 2222 facit,
592 2186 682 2212 cum
716 2173 862 2212 nullius
894 2173 962 2221 rei,
996 2173 1071 2212 nisi
1103 2173 1317 2226 dignitatis,

189 2225 302 2265 caus&
323 2226 515 2273 sumitur;
546 2227 788 2281 apertiorem,
809 2241 899 2268 cum
916 2228 972 2278 id,
993 2228 1098 2282 quod
1117 2229 1166 2268 sit
1183 2230 1320 2269 obscu-
