1456 2396
203 101 284 139 242
325 98 411 138 AD
432 97 817 150 HERENNIUM,
839 99 940 139 nm.
955 99 1032 139 Ν.
1051 98 1159 139 cir.
1172 99 1239 138 35.

201 215 322 247 tatem
347 208 575 248 exstinxit.”
614 207 885 248 Obscoenitatis
911 207 1079 247 vitandae
1099 207 1228 257 musa,
1253 207 1331 247 5101

204 265 233 285 “
250 263 376 313 Cujus
393 271 517 302 mater
535 263 767 316 quotidianis
790 263 935 315 nuptiis
961 263 1210 302 delectam?
1242 262 1333 301 Au-

201 317 319 368 gendi
337 318 466 366 causa,
488 318 562 356 sic:
589 319 618 340 “
632 318 794 357 Nullius
807 331 947 356 moeror
962 325 999 356 et
1012 317 1210 356 oelamitas
1222 316 1334 356 istius

202 372 371 444 explere
369 372 601 420 inimicitias,
616 379 653 410 et
667 372 854 411 nefariam
869 380 1038 410 saturare
1051 371 1331 419 crudelitatem,

200 426 371 477 potuit.”
400 427 610 465 Minuendi
628 439 756 474 causa,
778 427 853 465 sic:
883 428 912 448 ‘⁶
925 426 1077 478 Magno
1095 439 1135 464 se
1151 425 1335 478 praedioet

201 480 347 519 auxilio
371 480 502 528 fuisse,
529 481 622 533 quia
649 481 858 547 paululum
886 480 928 518 in
958 482 1073 519 rebus
1097 479 1334 519 difficillimis

201 533 451 586 adspiravit.”
472 509 651 574 (⁹)rnandi
665 548 841 582 (τ31153,51
810 536 889 574 5130
922 538 950 558 “
965 534 1194 589 Aliquando
1207 534 1336 586 reipu-

199 589 311 626 blicae
340 589 518 638 rationes,
552 603 640 642 quae
668 590 818 628 malitia
847 592 1055 628 noeentum
1084 595 1333 635 exaruerunt,

199 642 342 682 virtute
367 644 613 696 optimatium
638 644 904 682 revirescent.”
942 643 1256 682 Translationem
1277 642 1337 680 di-

200 704 295 735 cunt
312 698 523 750 pudentem
542 711 621 737 esse
639 706 825 750 oportere,
849 706 894 737 ut
912 711 1002 737 cum
1021 697 1168 736 ratione
1185 697 1228 735 in
1246 709 1338 736 oon-

201 751 368 790 similem
387 765 470 791 rem
491 760 658 791 transeat
674 767 685 798 ;
717 765 766 791 ne
785 753 865 792 sine
883 753 1032 791 delectu
1051 759 1194 791 temere
1211 758 1250 790 et
1268 764 1337 790 cu·

201 805 292 857 pide
310 805 484 845 videatur
502 806 543 844 in
563 807 787 845 dissimilem
808 807 1083 846 transcurrisse.

257 860 498 899 Permutatio
513 869 570 899 est
584 861 717 908 oratio,
734 861 839 899 aliud
855 861 992 910 verbis,
1009 859 1116 900 aliud
1131 859 1334 908 sententia,

201 913 479 954 demonstrans.
537 915 598 954 Ea
623 915 808 954 dividitur
832 916 873 954 111
901 923 977 955 tres
995 923 1135 968 partes,
1155 914 1338 953 similitu-

200 968 347 1016 dinem,
368 978 656 1021 argumentum,
674 970 919 1008 contrarium.
951 970 1027 1009 Per
1041 969 1335 1009 similitudinem

200 1023 380 1071 sumitur,
421 1037 510 1063 cum
548 1024 826 1070 translationes,
866 1037 945 1063 una
982 1033 1050 1062 aut
1080 1024 1225 1075 plures,
1258 1022 1336 1061 fre-

200 1085 362 1128 quenter
393 1087 606 1129 ponuntur,
641 1092 664 1116 a
701 1078 866 1130 simplici
897 1079 1042 1117 ratione
1073 1078 1212 1125 ductae,
1251 1077 1334 1116 sic:

201 1133 231 1153 “
252 1131 374 1179 Nam,
403 1145 493 1170 cum
519 1146 630 1171 canes
653 1133 871 1184 funguntur
893 1132 1026 1172 officiis
1043 1133 1242 1184 luporum,
1270 1131 1334 1170 cui

198 1185 376 1236 praesidio
394 1199 516 1238 pecua
535 1187 756 1226 credemus.
747 1188 779 1211 ’δ’
835 1187 911 1225 Per
936 1194 1210 1239 argumentum
1236 1194 1335 1225 trac-

198 1247 316 1287 tatur,
345 1253 435 1279 cum
461 1255 484 1279 a
508 1254 684 1293 persona,
717 1249 785 1279 aut
812 1255 835 1279 a
859 1241 957 1289 loco,
988 1249 1057 1280 aut
1081 1254 1106 1279 a
1126 1254 1167 1279 re
1185 1240 1332 1292 311(1113,
1405 1246 1408 1251 ’

199 1294 427 1356 similitudo,
449 1295 614 1347 augendi
635 1304 701 1334 aut
714 1295 917 1334 minuendi
936 1308 1066 1343 causa,
1085 1295 1264 1341 ducitur;
1290 1301 1336 1332 ut

199 1348 231 1386 si
258 1349 344 1400 quis
370 1348 561 1398 Drusum,
591 1349 826 1399 Gracchum,
858 1352 887 1372 “
902 1350 1067 1389 nitorem
1090 1349 1336 1389 obsoletum’'

199 1402 313 1441 dicat.
355 1403 420 1442 Ex
439 1404 625 1443 contrario
641 1405 794 1443 ducitur
809 1404 882 1450 sic;
910 1412 956 1443 ut
970 1404 1002 1444 si
1015 1404 1116 1456 quis,
1135 1403 1335 1443 hominem

198 1457 406 1509 prodigum
437 1467 473 1497 et
500 1459 744 1498 luxuriosum
774 1459 956 1507 illudens,
987 1471 1148 1511 parcum
1179 1466 1217 1497 et
1247 1457 1338 1496 dili-

197 1520 352 1562 gentem
377 1513 554 1565 appellet.
596 1513 683 1552 Et
673 1526 713 1552 111
733 1513 805 1552 hoc
805 1521 1030 1577 postremo,
1053 1512 1159 1566 quod
1178 1525 1226 1551 ex
1245 1524 1336 1551 eon-

199 1567 315 1604 trario
335 1568 525 1613 sumitun
556 1576 594 1606 et
611 1568 651 1606 in
671 1569 738 1606 1110
756 1568 897 1620 primo,
919 1567 1023 1620 quod
1041 1581 1065 1606 a
1083 1566 1336 1606 similitudine

200 1619 367 1669 ducitur,
387 1635 455 1673 per
475 1623 762 1661 translationem
782 1630 1010 1674 argumento
1028 1621 1238 1674 poterimus
1262 1621 1333 1659 uti.

200 1673 277 1712 Per
305 1675 612 1726 similitudinem,
643 1677 724 1716 sic:
760 1679 790 1699 “
811 1676 920 1725 Quid
947 1677 1002 1715 ait
1028 1676 1092 1715 hic
1120 1688 1189 1714 rex
1219 1683 1337 1737 atque

202 1729 478 1780 Agamemnon
505 1740 645 1779 noster,
678 1732 770 1781 sive,
801 1739 846 1770 ut
872 1731 1076 1770 crudelitas
1105 1737 1175 1779 est,
1205 1730 1335 1792 potius

198 1783 371 1823 Atreus.
361 1785 408 1811 ²⁹⁹
448 1784 514 1823 Ex
537 1786 739 1833 contrario,
768 1786 801 1824 51
825 1799 942 1838 quem
965 1785 1147 1838 impium,
1174 1785 1243 1837 qui
1264 1797 1335 1836 pa-

198 1843 296 1875 trem
313 1840 578 1886 verberaverit,
600 1840 768 1879 AEneam
784 1853 985 1886 vocemus3
1011 1840 1333 1891 intemperantem

199 1899 237 1930 et
262 1892 495 1941 adulterum,
526 1869 788 1947 Hippolytum
819 1895 1075 1934 nominemus.
1120 1894 1219 1933 Haec
1243 1901 1334 1932 sunt

198 1945 291 1993 fere,
329 1960 417 1998 quae
449 1948 610 1987 dicenda
643 1949 873 1988 videbantur
908 1949 957 1988 de
989 1951 1190 1988 verborum
1225 1961 1336 1986 exor-

199 2000 431 2040 nationibus.
475 2003 595 2041 Nunc
624 2017 682 2042 res
711 2004 795 2056 ipsa
823 2012 970 2052 monet,
1001 2011 1046 2042 ut
1075 2003 1253 2055 deinceps
1282 2001 1333 2041 ad

199 2055 477 2095 sententiarum
497 2058 759 2097 exornationes
777 2066 1027 2097 transeamus.

252 2108 434 2149 XXXV.
471 2110 705 2151 Distributio
732 2121 802 2160 551,
831 2125 923 2152 (311111
948 2113 991 2151 111
1018 2112 1147 2164 plures
1173 2123 1234 2150 1·oe
1261 2117 1330 2149 aut

198 2175 378 2214 personas
398 2165 552 2217 negotia
573 2166 753 2219 quaedam
775 2167 1066 2219 dispertiuntur,
1089 2165 1163 2205 hoc
1185 2164 1328 2204 modo.

198 2219 227 2240 “
249 2217 331 2267 Qui
349 2223 532 2271 vestrum,
550 2220 711 2273 judices,
735 2233 877 2263 nomen
895 2223 1048 2262 senatus
1064 2219 1206 2273 diligit,
1225 2219 1332 2259 hunc
