1456 2396
463 70 722 121 ORATOR,
744 70 849 110 CAP.
868 73 932 110 58.
1218 70 1269 114 57

151 179 192 217 in
218 191 369 218 versum
399 179 541 218 cadunt
573 180 766 219 maxime:
797 181 926 233 itaque
956 186 999 218 ut
1023 191 1175 218 versum
1206 178 1269 217 fu-

153 233 281 284 gimus
309 234 349 272 in
380 234 562 283 oratione,
595 235 648 273 sic
673 234 715 272 hi
742 242 832 273 sunt
864 234 1030 273 evitandi
1059 234 1272 273 continuati

152 287 278 339 pedes.
325 288 451 326 Aliud
477 289 579 327 enim
605 289 790 341 quiddam
817 296 872 327 est
899 289 1032 337 oratio,
1060 301 1130 327 nec
1157 288 1271 340 quid-

150 355 269 393 quam
288 341 494 391 inimicius,
522 356 641 395 quam
659 344 740 392 illa,
769 344 951 382 versibus.
995 343 1113 381 Paeon
1139 349 1271 380 autem

150 395 311 434 minime
337 404 394 435 est
422 404 535 449 aptus
565 397 614 435 ad
644 411 823 443 versum3
865 410 942 449 quo
973 397 1154 436 libentius
1182 409 1272 435 eum

149 450 290 502 recepit
308 451 438 490 oratio.
491 451 674 503 Ephorus
693 466 780 491 vero
799 464 848 490 ne
867 452 1079 504 spondeum
1098 450 1271 502 quidem,

152 517 270 556 quem
298 504 412 556 fugit,
443 505 623 557 intenjgit
647 520 725 546 esse
753 507 941 558 aequalem
969 506 1133 557 dactylo,
1155 518 1271 557 quem

152 560 300 609 probat.
348 561 515 611 Syllabis
543 561 646 599 enim
671 561 883 600 metiendos
908 560 1036 612 pedeS,
1061 572 1138 598 non
1157 561 1275 598 inter-

154 612 278 662 vallis,
303 614 519 653 existimat:
550 616 655 667 quod
680 616 783 654 idem
811 615 902 653 facit
927 615 968 652 in
996 614 1175 663 trochaeo,
1207 614 1275 666 qui

154 667 389 729 temporibus
427 676 464 707 et
495 669 704 709 intervallis
740 677 797 708 est
825 682 895 721 par
926 669 1083 708 iambo·
1072 697 1084 715 ,
1132 668 1198 707 sed
1230 681 1276 707 eo
1300 720 1302 722 Ι

153 720 310 760 vitiosus
328 722 368 760 in
383 724 566 772 oratione,
586 724 618 762 si
636 731 800 775 ponatur
815 731 1022 773 extremus,
1039 722 1143 775 quod
1161 725 1279 761 verba

154 775 320 815 melius
310 789 351 814 111
366 778 531 829 syllabas
548 779 736 830 longiores
749 778 901 817 cadunt.
930 778 1066 829 Atque
1079 777 1175 824 haec,
1189 791 1277 829 quae

156 838 247 868 sunt
265 831 369 883 apud
386 832 651 881 Aristotelem,
673 833 806 872 eadem
825 846 848 872 a
865 831 1133 884 Theophrasto
1147 831 1278 870 Theo-

157 883 340 937 decteque
359 886 406 924 de
423 899 557 938 paeone
576 887 768 926 dicuntur.

211 938 299 990 Ego
323 947 455 979 autem
479 941 614 991 sentio,
644 954 777 981 omnes
806 942 847 980 in
875 941 1044 981 oratione
1069 954 1147 980 esse
1169 940 1280 993 quasi

158 994 368 1045 permixtos
382 1002 419 1034 et
438 996 614 1035 confusos
632 996 771 1048 pedes:
802 1009 871 1035 nec
887 997 990 1035 8111111
1010 995 1176 1047 effugere
1194 1008 1282 1047 pos-

157 1060 285 1087 semus
303 1049 686 1101 animadversionem,
703 1051 735 1090 si
749 1064 898 1103 semper
908 1051 1044 1089 iisdem
1059 1058 1277 1088 uteremur·
1265 1078 1278 1095 ,

157 1102 250 1153 quia
274 1115 399 1156 neque
422 1117 627 1144 numerosa
652 1119 744 1155 esse,
773 1113 818 1144 ut
842 1109 995 1157 poe‘ma,
1022 1117 1147 1156 neque
1173 1111 1281 1142 extra

156 1168 379 1220 numerum,
392 1166 436 1197 ut
450 1172 575 1199 sermo
588 1160 710 1211 vulgi,
727 1173 805 1199 esse
819 1159 932 1198 debet
946 1159 1077 1198 oratio.
1097 1159 1281 1197 Alterum

158 1211 274 1252 nimis
293 1221 350 1251 est
367 1213 554 1263 vinctum,
570 1222 615 1252 ut
634 1214 682 1253 de
696 1214 887 1252 industria
905 1213 1052 1253 factum
1071 1220 1252 1264 appareat
1268 1226 1279 1250 z

156 1266 321 1305 alterum
339 1267 455 1306 nimis
469 1268 712 1318 dissolutum,
732 1276 777 1307 ut
793 1276 1044 1320 pervagatum
1063 1281 1107 1306 ac
1122 1267 1281 1318 vulgare

158 1320 332 1359 videatur
347 1335 360 1368 3
389 1329 435 1359 ut
452 1323 500 1361 ab
520 1323 638 1361 altero
656 1335 735 1361 non
749 1323 946 1371 delectere,
963 1323 1127 1361 alterum
1143 1321 1279 1359 oderis.

156 1375 217 1414 Sit
232 1375 350 1426 igitur
369 1378 431 1420 (ut
449 1389 565 1428 supra
581 1376 680 1425 dixi)
703 1378 895 1428 permixta
913 1385 952 1415 et
977 1382 1188 1428 temperata
1205 1388 1281 1413 nu-

156 1430 286 1480 meris,
306 1443 376 1469 nec
395 1429 592 1480 dissoluta,
608 1443 677 1470 nec
689 1439 768 1469 tota
782 1444 998 1478 numerosa,
1011 1443 1145 1482 paeone
1156 1429 1282 1467 maxi-

155 1497 220 1523 me
239 1485 440 1536 (quoniam
459 1484 627 1537 optimus
646 1493 777 1524 auctor
794 1485 850 1524 ita
868 1492 1025 1534 censet),
1042 1484 1108 1523 sed
1127 1483 1285 1537 reliquis

157 1539 274 1577 etiam
293 1539 478 1588 numeris,
499 1552 595 1591 quos
614 1539 680 1578 ille
698 1539 879 1591 praeterit,
899 1546 1122 1591 temperata.

208 1593 372 1633 LVIII.
403 1593 513 1642 Quos
528 1601 659 1632 autem
677 1607 871 1643 numeros,
893 1607 983 1633 cum
1004 1594 1160 1645 quibuS,
1182 1599 1283 1631 tam„

156 1660 275 1699 quam
300 1661 529 1700 purpuram,
555 1648 705 1687 misceri
732 1655 917 1700 oporteat,
945 1660 1051 1687 nunc
1078 1646 1285 1686 dicendum

156 1709 226 1750 est,
246 1709 362 1755 atque
381 1702 497 1741 etiam
517 1702 658 1753 quibus
677 1702 856 1742 orationis
873 1703 1077 1755 generibus
1103 1702 1179 1740 sint
1198 1701 1284 1753 qui-

158 1770 235 1808 que
259 1756 656 1796 accommodatissimi.
706 1757 868 1796 Iambus
895 1757 998 1796 enim
1025 1755 1287 1808 frequentissi-

158 1823 248 1850 mus
274 1818 329 1850 est
354 1811 395 1850 in
420 1811 481 1860 iis,
503 1824 589 1863 quae
608 1811 774 1850 demisso
802 1819 918 1863 atque
947 1811 1089 1849 humili
1115 1822 1288 1849 sermone

161 1865 367 1904 dicuntur.
397 1878 508 1917 paeon
527 1873 659 1905 autem
677 1866 718 1904 in
747 1866 1027 1918 amplioribus;
1057 1865 1099 1902 in
1123 1871 1288 1915 utroque

160 1919 346 1980 dactylus.
393 1920 457 1958 Ita
480 1920 522 1958 in
547 1920 654 1959 varia
681 1927 719 1959 et
744 1921 930 1972 perpetua
948 1919 1117 1958 oratione
1134 1918 1177 1956 hi
1197 1925 1287 1957 sunt

159 1973 260 2012 inter
291 1987 330 2013 se
361 1973 546 2013 miscendi
577 1981 614 2012 et
645 1975 907 2026 temperandi:
939 1975 991 2013 sic
1016 1973 1178 2011 minime
1204 1972 1287 2010 ani-

161 2027 422 2067 madvertetur
448 2028 708 2068 delectationis
733 2029 958 2081 aucupium,
989 2036 1025 2067 et
1051 2026 1286 2080 quadrandae

163 2081 343 2120 orationis
369 2082 582 2121 industria·
570 2111 582 2128 ,
613 2095 700 2135 quae
718 2083 852 2121 latebit
877 2096 921 2122 eo
939 2083 1078 2134 magis,
1099 2081 1131 2120 si
1150 2088 1188 2119 et
1206 2093 1290 2118 ver-

164 2137 303 2175 borum
331 2143 369 2174 et
397 2136 671 2175 sententiarum
704 2137 937 2188 ponderibus
966 2144 1133 2175 utemur.
1180 2133 1290 2172 Nam

162 2189 231 2243 qui
271 2190 449 2243 audiunt,
480 2191 563 2232 haec
592 2190 671 2231 duo
700 2191 1026 2242 animadvermnt‚
1055 2197 1091 2230 et
1119 2187 1292 2240 jucunda
