1456 2396
270 26 751 69 ACADEMICORUM
774 27 874 67 Lm.
891 29 950 68 II.
970 28 1074 68 CAP.
1092 31 1157 69 20.
1192 31 1267 70 311

158 147 339 174 exorsus:
370 135 455 182 Me,
477 135 627 181 Catule,
655 135 773 173 oratio
799 136 955 175 Luculli
976 136 1023 175 de
1047 137 1131 188 ipsa
1156 151 1195 175 re
1217 138 1271 176 ita

158 189 292 236 movit,
313 196 356 226 ut
367 189 467 227 docti
480 188 660 234 hominis,
682 197 718 226 et
737 190 890 240 copiosi,
912 199 948 228 et
965 191 1100 241 parati,
1123 199 1158 229 et
1172 191 1270 229 nihil

156 242 414 294 praetereuntis
435 255 564 280 eorum
584 256 670 293 quae
688 256 757 293 pro
783 244 848 280 1113
870 245 981 282 causa
1006 245 1079 282 dici
1104 253 1268 296 possent,

155 307 234 333 non
253 303 380 334 tamen
400 303 443 333 ut
462 296 495 334 ei
513 296 735 347 respondere
753 310 860 347 posse
872 298 1092 336 diffiderem.
1121 299 1270 337 Aucto-

150 349 245 387 ritas
263 357 392 388 autem
410 357 516 387 tanta
533 351 646 400 plane
663 362 726 388 me
744 352 933 399 movebat,
950 352 1022 389 nisi
1042 360 1085 390 tu
1105 365 1268 403 opposu-

151 402 243 441 isses
260 415 337 441 non
355 403 543 441 minorem
562 411 681 441 tuam.
710 403 780 440 Ao
754 404 927 454 ggrediar
945 405 1076 456 igitur,
1097 406 1128 444 si
1147 419 1268 456 pauca

153 464 256 504 ante,
276 457 385 508 quasi
403 457 450 495 de
467 457 572 494 fama
589 457 690 503 11103,
711 456 852 495 dixero.

207 510 296 562 Ego
325 510 427 548 enim
457 510 502 557 si,
533 517 600 548 aut
628 511 875 549 ostentatione
905 511 1034 562 aliqua
1064 512 1265 561 adductus,

152 571 220 602 aut
252 564 376 602 studio
408 564 588 611 certandi,
622 564 671 601 ad
702 564 800 602 hanc
826 565 1066 615 potissimum
1100 567 1267 617 philoso-

149 617 284 668 phiam
311 631 374 656 me
402 593 613 669 applicavi3
645 630 722 655 non
753 618 868 656 modo
894 619 1093 656 stultitiam
1123 633 1265 669 meam,

151 671 217 710 sed
236 672 350 710 etiam
375 684 512 718 mores,
541 678 578 709 et
605 679 782 709 naturam
808 672 1135 710 condemnandam
1159 682 1266 724 puto.

150 724 274 773 Nam,
295 726 326 763 si
344 725 385 763 in
403 725 573 763 minimis
598 727 710 763 rebus
733 726 938 776 pertinacia
965 727 1264 777 reprehenditur,

149 779 342 817 calumnia
361 779 475 817 etiam
494 783 708 825 coe'rcetun
739 792 822 830 ego,
843 779 890 818 de
903 780 1009 817 omni
1028 788 1126 818 statu
1147 782 1266 819 consi-

148 832 278 884 lioque
299 833 414 872 totius
433 833 533 879 vitae,
555 840 622 871 aut
647 840 786 871 certare
812 846 901 871 cum
920 833 1003 871 aliis
1028 835 1262 885 pugnaciter,

148 894 216 925 aut
235 886 408 924 frustrari
427 900 515 925 cum
535 887 640 934 alios,
654 894 737 924 tum
754 887 869 925 etiam
888 900 950 925 me
962 888 1103 938 ipsum,
1120 888 1234 926 velim
1247 892 1264 927 Ρ

147 941 299 992 Itaque,
320 941 394 979 nisi
411 940 586 992 ineptum
605 948 793 992 putarem,
815 941 854 978 in
875 942 942 979 tali
961 942 1216 1003 disputatione
1227 942 1266 980 id

143 994 280 1041 facere,
301 995 418 1046 quod,
440 1007 529 1032 cum
557 994 604 1032 de
629 995 824 1045 republica
843 995 1085 1046 disceptatur,
1106 995 1184 1033 fier'
1174 1009 1188 1032 1
1206 996 1265 1033 in-

144 1047 297 1086 terdum
309 1049 427 1094 solet;
455 1050 625 1098 jurarem
643 1061 710 1099 per
721 1049 751 1087 J
752 1062 799 1087 01
801 1061 876 1096 em,
897 1049 1076 1100 Deosque
1095 1061 1262 1100 penates,

145 1113 211 1140 me
239 1109 277 1140 et
301 1102 432 1140 ardere
458 1102 584 1140 studio
613 1102 836 1153 reperiendi,
867 1110 904 1140 et
928 1116 971 1140 ea
998 1102 1147 1149 sentire,
1178 1117 1265 1154 quae

143 1154 320 1194 dicerem.
351 1156 434 1204 Qui
461 1156 563 1194 enim
582 1169 738 1217 possum
757 1169 834 1194 non
854 1169 989 1207 cupere
1007 1169 1138 1194 verum
1159 1157 1264 1195 inv-e

143 1208 240 1256 nire,
262 1222 351 1248 cum
375 1210 578 1260 gaudeam,
600 1210 631 1248 si
659 1209 781 1247 simile
800 1210 878 1248 veri
897 1209 1026 1261 quid
1015 1210 1253 1249 mvenerim.
1243 1214 1260 1235 '³

145 1262 237 1310 Sed,
258 1270 302 1301 ut
320 1263 391 1301 hoc
400 1262 707 1324 ‘pulcherrimum
723 1277 800 1301 esse
808 1263 991 1324 judicem,
1005 1276 1093 1301 vera
1108 1263 1260 1310 videre3

141 1316 208 1363 sic,
235 1329 305 1368 pro
333 1316 429 1355 veris
453 1318 612 1368 probare
639 1317 748 1365 falsa,
778 1317 1042 1368 turpissimum
1071 1324 1135 1355 est.
1177 1318 1263 1356 Nec

142 1377 273 1408 tamen
292 1383 362 1421 ego
380 1370 412 1408 15
431 1383 531 1418 511111,
552 1371 619 1421 qui
637 1371 734 1408 nihil
745 1383 919 1422 unquam
937 1371 1023 1408 falsi
1037 1372 1259 1421 approbem,

142 1424 211 1475 qui
228 1436 430 1475 nunquam
449 1425 642 1471 assentiar,
659 1425 726 1475 qui
744 1425 841 1462 nihil
861 1425 1018 1475 opiner:
1041 1424 1105 1462 sed
1124 1426 1262 1476 quaeri-

140 1489 229 1516 mus
248 1477 295 1516 de
314 1478 492 1529 sapiente.
536 1477 624 1539 Ego
643 1491 730 1516 xero
749 1478 829 1529 ipse
855 1486 892 1516 et
916 1491 1080 1529 magnus
1101 1479 1258 1529 quidem

141 1544 229 1570 sum
248 1532 422 1583 opinator
441 1534 534 1575 (non
554 1532 656 1570 enim
675 1545 760 1569 sum
780 1532 959 1583 sapiens),
981 1540 1017 1570 et
1035 1545 1138 1570 meas
1158 1533 1259 1583 cogi-

138 1585 300 1625 tationes
329 1585 382 1624 sic
410 1586 546 1637 dirigo,
570 1598 647 1624 non
672 1586 722 1624 ad
749 1586 857 1624 illam
883 1586 1085 1638 parvulam
1113 1585 1259 1637 Cynos-

140 1651 266 1688 uram,

192 1715 222 1736 ‘⁶
241 1712 335 1763 Qua
352 1712 478 1752 fidunt
496 1713 592 1752 duce
609 1713 796 1753 nocturn&
816 1714 1016 1753 Phoenices
1030 1713 1071 1752 in
1091 1714 1214 1763 alto,”

136 1806 182 1838 ut
199 1799 252 1838 ait
265 1800 437 1848 Aratus;
468 1813 588 1853 eoque
606 1800 782 1839 directius
799 1802 1028 1852 gubernant,
1049 1800 1154 1852 quod
1173 1814 1257 1839 eam

136 1860 282 1903 tenent,

191 1930 221 1952 ‘⁴
240 1929 355 1978 Quae,
376 1942 487 1969 cursu
505 1929 694 1979 interiore,
709 1928 816 1968 brevi
834 1929 1063 1968 convertitur
1082 1931 1171 1967 orbe
1185 1929 1229 1975 ;’'

136 2017 202 2057 sed
221 2017 270 2056 ad
289 2018 465 2066 Helicen,
487 2026 524 2058 et
542 2019 767 2058 clarissimos
786 2019 1098 2071 septemtriones,
1123 2017 1163 2055 id
1183 2025 1252 2065 est,

135 2072 298 2111 rationes
315 2072 398 2121 has,
428 2073 562 2112 latiore
589 2074 724 2125 specie,
751 2086 828 2112 non
855 2073 904 2112 ad
925 2081 1040 2111 tenue
1067 2072 1252 2111 elimatas.

136 2124 198 2172 Eo
216 2126 274 2177 fit,
294 2133 338 2167 ut
357 2139 477 2167 errem
496 2135 534 2199 et
552 2140 667 2180 vager
684 2128 810 2168 latius.
840 2127 916 2168 Sed
934 2139 1011 2168 non
1036 2126 1083 2167 de
1110 2138 1174 2166 me
1192 2128 1255 2170 (ut
