1466 2458
230 100 283 142 36
558 98 818 150 ORATOR,
849 101 955 142 cn.
973 103 1042 144 39.

233 212 364 252 dicum
382 211 642 265 permovenda
661 219 718 250 est
732 210 830 264 (qu'a
842 223 913 251 nos
930 212 986 251 ita
997 211 1171 251 dolenter
1188 209 1247 250 uti
1261 209 1359 249 sole-

233 280 336 317 mus,
369 274 415 305 ut
446 278 611 319 puerum
643 265 833 305 infantem
858 266 902 305 in
926 267 1108 306 manibus
1137 272 1357 318 perorantes

231 321 495 368 tenuerimus;
524 327 569 359 ut
597 319 675 359 alia
703 321 745 359 in
775 321 904 371 causa,
936 321 1100 360 excitato
1124 333 1189 360 reo
1217 319 1354 367 nobili,

231 377 383 415 sublato
408 375 524 414 etiam
550 375 630 414 filio
654 387 787 427 parvo,
814 376 1000 427 plangore
1021 383 1059 414 et
1082 374 1356 414 lamentatione

229 430 505 483 complerimus
530 429 701 477 forum):
732 430 798 468 sed
827 430 943 469 etiam
969 438 1025 469 est
1050 429 1284 477 faciendum,
1313 436 1358 465 ut

232 485 417 524 irascatur
432 484 568 535 judex,
587 484 801 535 mitigetur,
820 484 1004 533 invideat,
1024 484 1165 532 faveat,
1186 491 1357 522 contem·

224 547 315 589 nat,
336 539 559 587 admiretur,
579 538 714 586 oderit,
735 538 884 590 diligat,
912 539 1056 590 cupiat,
1077 538 1250 576 satietate
1275 536 1357 575 affi-

231 594 368 641 ciatur,
385 601 521 645 speret,
542 600 702 641 metuat,
723 593 887 641 laetetur,
908 593 1059 639 doleat3
1081 593 1161 645 qua
1174 591 1215 629 in
1234 591 1356 630 varie-

230 655 324 697 tate,
344 648 558 695 duriomm,
579 647 767 686 accusatio
786 647 1046 699 suppeditabit
1061 646 1264 698 exempla;
1281 645 1357 683 mi-

230 703 389 751 tiorum,
410 702 647 740 defensiones
666 715 774 740 meae.
806 702 930 740 Nullo
950 702 1053 740 enim
1072 701 1189 739 modo
1203 700 1357 738 animus

233 756 424 795 audientis
443 764 511 795 aut
528 756 677 794 incitari
704 765 771 794 aut
796 756 907 794 leniri
926 764 1063 807 potest,
1084 755 1154 807 qui
1177 754 1316 793 modus
1336 767 1360 792 a

232 824 298 850 me
315 824 392 850 non
411 818 580 849 tentatus
598 811 645 849 sit
661 825 670 848 ι
701 810 866 849 dicerem
885 810 1112 862 perfectum,
1133 810 1165 848 si
1184 809 1239 847 ita
1253 808 1358 858 judi-

232 878 388 912 carem3
418 878 488 903 nec
514 865 555 902 in
581 865 737 903 veritate
763 866 907 903 crimen
933 864 1160 916 arrogantiae
1179 863 1360 902 extimes-

233 933 372 959 cerem.
416 919 492 958 Sed
523 923 584 962 (ut
614 933 729 970 supra
755 919 853 966 dixi)
881 919 990 957 nulla
1014 932 1079 957 me
1104 917 1264 970 ingenii,
1293 917 1360 956 sed

231 987 376 1026 magna
394 974 450 1012 vis
469 973 589 1012 animi
608 974 838 1021 inflammat,
859 981 903 1011 ut
921 986 985 1011 me
1003 973 1085 1025 ipse
1099 985 1178 1011 non
1191 981 1358 1011 teneam.

234 1030 321 1068 Nec
339 1041 513 1080 unquam
533 1028 579 1076 is,
608 1028 676 1080 qui
703 1028 865 1075 audiret,
893 1028 1172 1076 incenderetur,
1199 1027 1273 1065 nisi
1298 1039 1359 1065 ar-

234 1083 330 1122 dens
362 1083 411 1121 ad
444 1096 534 1121 eum
566 1082 780 1134 perveniret
812 1082 944 1121 oratio.
999 1082 1140 1121 Uterer
1171 1081 1360 1133 exemplis

231 1137 464 1185 domesticis,
481 1137 554 1175 nisi
569 1150 613 1175 ea
626 1137 779 1188 legisses
795 1151 804 1174 :
827 1146 953 1175 uterer
967 1137 1102 1175 alienis
1115 1136 1177 1175 vel
1192 1135 1358 1183 Latinis,

233 1192 267 1232 si
285 1192 366 1230 ulla
384 1192 586 1244 reperirem
602 1205 614 1237 ;
635 1192 696 1229 vel
717 1191 874 1239 Graecis,
895 1191 927 1229 si
945 1191 1106 1230 deceret.
1135 1190 1212 1230 Sed
1231 1189 1359 1228 Crassi

232 1259 425 1300 perpauca
455 1254 558 1294 sunt,
591 1258 660 1284 nec
691 1259 735 1284 ea
757 1245 1018 1295 judiciorum:
1049 1245 1148 1284 nihil
1177 1244 1359 1291 Antonii,

233 1301 333 1340 nihil
363 1300 501 1349 Cottae,
533 1300 630 1338 nihil
661 1300 846 1352 Sulpicii:
877 1300 1028 1339 dicebat
1055 1299 1210 1348 melius,
1239 1311 1359 1352 quam

232 1355 397 1407 scripsit,
419 1355 663 1394 Hortensius.

289 1410 442 1449 Verum
461 1409 542 1447 haec
561 1409 632 1457 vis,
654 1423 774 1462 quam
793 1410 1018 1462 quaerimus,
1034 1416 1181 1462 quanta
1198 1407 1261 1457 sit,
1295 1421 1360 1448 su-

232 1465 440 1519 spicemur,
456 1464 640 1516 quoniam
657 1465 882 1516 exemplum
897 1477 975 1503 non
992 1465 1206 1511 habemus;
1226 1471 1308 1511 aut,
1330 1463 1363 1502 si

235 1519 415 1571 exempla
434 1519 644 1570 sequimur,
665 1532 688 1557 a
703 1519 965 1558 Demosthene
984 1532 1198 1565 sumamuS,
1218 1526 1257 1557 et
1273 1518 1363 1570 qui-

234 1575 326 1614 dem
351 1581 545 1625 perpetuae
564 1573 752 1621 dictionis,
782 1587 830 1613 ex
855 1587 900 1612 eo
918 1574 1015 1623 loco,
1040 1573 1157 1621 unde,
1177 1572 1218 1610 in
1238 1572 1362 1611 Ctesi-

234 1628 392 1683 phontis
415 1627 574 1677 judicio,
607 1627 655 1666 de
679 1628 757 1666 suis
786 1628 909 1677 factis,
939 1627 1119 1676 consiliis,
1145 1627 1292 1666 meritis
1318 1627 1359 1665 in

235 1682 530 1735 rempublicam,
552 1695 750 1733 aggressus
765 1690 821 1721 est
838 1682 973 1721 dicere.
1016 1681 1079 1720 Ea
1091 1681 1261 1733 profecto
1274 1694 1359 1720 ora-

234 1740 292 1779 tio
316 1738 359 1776 in
377 1749 462 1775 eam
481 1735 661 1785 formam,
689 1750 776 1789 quae
794 1745 850 1776 est
867 1737 982 1775 insita
999 1736 1040 1774 in
1058 1735 1254 1775 mentibus
1272 1747 1360 1774 nos-

232 1794 318 1842 tris,
347 1790 494 1830 includi
520 1791 572 1830 sic
596 1800 734 1843 potest,
761 1799 807 1830 ut
827 1792 952 1842 major
969 1791 1188 1844 eloquentia
1205 1802 1284 1830 non
1300 1803 1361 1829 re-

233 1848 424 1902 quiratur.

215 1918 219 1921 ¹
289 1899 499 1942 XXXIX.
527 1899 603 1939 Sed
618 1901 701 1950 jam
721 1900 846 1939 forma
863 1900 948 1953 ipsa
961 1906 1091 1948 restat,
1112 1906 1150 1938 et
1168 1899 1361 1938 character

232 1958 301 1998 ine
319 1955 388 2009 qui
407 1954 570 2001 dicitur3
592 1955 660 2006 qui
679 1955 804 2007 qualis
819 1968 898 1994 esse
912 1955 1062 2003 debeat,
1083 1967 1131 1993 ex
1145 1954 1252 2006 ipsis,
1273 1967 1362 2006 quae

233 2024 352 2064 supra
365 2009 467 2048 dicta
480 2017 584 2056 sunt,
600 2009 764 2060 intelligi
779 2017 915 2061 potest.
945 2009 1053 2048 Nam
1068 2017 1106 2047 et
1120 2009 1361 2060 singulorum

234 2069 443 2107 verborum
462 2071 500 2102 et
514 2063 784 2102 collocatorum
804 2064 955 2102 lumina
973 2063 1197 2114 attigimus;
1218 2062 1361 2114 quibus

235 2123 290 2162 sic
316 2117 542 2166 abundabit,
569 2125 615 2155 ut
640 2120 802 2156 verbum
830 2132 879 2156 ex
905 2131 970 2156 ore
997 2118 1166 2165 nullum,
1193 2117 1268 2154 nisi
1292 2124 1361 2154 aut

234 2177 388 2228 elegans
413 2179 481 2211 aut
504 2185 634 2223 grave,
667 2180 800 2211 exeat:
832 2186 880 2210 ex
909 2172 1094 2224 omnique
1123 2183 1261 2223 genere
1284 2170 1360 2208 fre-

234 2227 496 2284 quentissimae
509 2226 775 2268 translationes
793 2235 919 2275 erunt,
939 2227 1045 2279 quod
1057 2239 1125 2273 eae,
1137 2233 1293 2278 propter
1311 2224 1362 2262 si-
