1456 2396
215 72 296 113 296
333 69 818 112 ACADEMICORUM
838 72 938 112 111ss.
949 71 1008 112 11.
1029 71 1134 113 cn.
1159 61 1221 114 lo.

265 180 482 219 Antiochus
501 180 551 218 ad
573 179 692 218 istum
716 181 846 220 locum
864 181 1030 233 pressius
1048 181 1250 221 videbatur
1266 195 1329 222 ac-

211 234 353 273 cedere.
395 234 593 282 Quoniam
621 235 723 273 enim
748 235 789 273 id
813 236 997 274 haberent
1014 235 1238 275 Academici
1264 237 1330 275 de-

211 295 358 327 cretum
378 288 540 331 (sentitis
560 287 662 326 enim
678 289 760 338 jam
778 290 851 327 hoc
864 302 927 327 me
947 289 1060 336 ὃογμα
1079 290 1217 338 dicere)
1231 290 1330 329 nihil

209 355 318 394 posse
336 342 491 394 percipi,
512 355 590 380 non
609 342 744 381 debere
762 356 824 381 eos
842 344 884 381 in
903 356 972 380 suo
991 343 1154 393 decreto,
1171 344 1269 383 sicut
1286 345 1328 383 in

210 396 352 434 caeteris
371 398 497 444 rebus,
515 396 717 445 fluctuare,
732 397 942 449 praesertim
957 409 1046 435 cum
1059 397 1100 435 in
1116 411 1160 436 eo
1175 411 1330 437 summa

209 450 448 489 consisteret:
479 450 578 488 hanc
603 451 705 488 enim
733 464 811 489 esse
830 451 1004 502 regulam
1023 451 1140 490 totius
1158 452 1327 503 philoso-

206 504 322 555 phiae,
353 504 661 543 constitutionem
686 505 778 553 veri,
806 505 906 552 falsi,
935 505 1091 556 cogniti,
1116 505 1326 557 incogniti,
1314 519 1328 530 ·

207 571 327 609 quam
346 558 532 596 rationem
552 559 740 620 quoniam
754 559 999 620 susciperent,
1021 559 1230 611 docereque
1249 560 1329 598 vel-

206 612 301 659 lent,
334 625 420 664 quae
449 626 472 650 a
502 613 635 665 quovis
665 613 784 664 accipi
810 619 1012 664 oporteret,
1040 620 1078 651 et
1102 627 1189 675 quae
1213 626 1329 665 repu-

206 665 327 711 diari3
359 674 458 704 certe
480 667 552 705 hoc
578 667 721 728 ipsum,
750 680 796 706 ex
824 680 902 719 quo
928 679 1043 705 omne
1068 668 1147 705 veri
1165 667 1328 719 salsique

201 720 393 769 judicium
413 728 521 769 esset,
552 721 744 772 percipere
764 733 826 759 eos
845 720 1030 759 debuisse.
1072 721 1230 760 Etenim
1250 721 1328 761 duo

205 787 285 812 esse
309 774 390 812 haec
415 775 587 813 maxima
613 775 654 812 in
679 775 935 836 philosophia,
959 775 1150 824 judicium
1175 775 1269 825 veri,
1290 782 1329 814 et

205 827 323 866 finem
349 830 565 875 bonorum3
596 841 665 867 nec
690 829 899 880 sapientem
924 842 1034 881 posse
1059 842 1151 879 esse,
1172 828 1242 881 qui
1259 836 1329 868 aut

203 883 452 932 cognoscendi
482 883 638 920 initium
670 883 831 934 ignoret,
864 890 930 921 aut
960 891 1178 921 extremum
1209 896 1326 935 expe-

202 936 321 983 tendi,
342 944 400 985 ut,
421 943 488 974 aut
507 937 610 974 unde
628 937 899 988 proficiscatur,
921 944 988 974 aut
1007 950 1083 989 quo
1101 937 1326 989 pervenien-

203 989 298 1027 dum
321 990 382 1038 sit,
411 991 563 1029 nesciat.
606 991 704 1029 Haec
722 999 851 1029 autem
877 991 1017 1029 habere
1043 991 1175 1038 dubia,
1201 1003 1328 1043 neque

201 1043 261 1081 his
280 1044 334 1081 ita
353 1044 554 1093 confidere,
573 1053 619 1082 ut
637 1045 782 1083 moveri
800 1058 877 1083 non
895 1045 1054 1096 possint,
1082 1046 1284 1084 abhorrere
1303 1059 1327 1084 a

201 1098 388 1149 sapientia
407 1098 633 1149 plurimum.

258 1152 346 1190 Hoc
365 1152 483 1202 igitur
504 1152 619 1190 modo
638 1152 764 1204 potius
784 1160 863 1190 erat
882 1154 930 1190 ab
948 1153 1008 1190 his
1032 1153 1323 1204 postulandum,

202 1213 247 1243 ut
264 1206 337 1243 hoc
356 1218 480 1243 unum
500 1207 649 1253 saltem,
670 1206 813 1257 percipi
838 1207 936 1244 nihil
957 1220 1080 1258 posse,
1100 1214 1324 1259 perceptum

202 1273 281 1297 esse
300 1259 476 1297 dicerent.
507 1260 583 1298 Sed
603 1260 650 1298 de
667 1260 922 1298 inconstantia
937 1261 1053 1298 totius
1067 1261 1223 1298 illorum
1239 1273 1324 1299 sen-

200 1314 328 1351 tentiae
365 1313 414 1356 (si
432 1314 512 1351 ulla
538 1313 723 1352 sententia
741 1315 970 1366 cujusquam
990 1328 1069 1352 esse
1086 1321 1210 1366 potaet
1227 1315 1326 1353 nihil

199 1368 462 1419 approbantis)
484 1375 552 1415 est,
573 1376 618 1405 ut
637 1368 784 1419 opinor,
807 1368 955 1406 dictum
975 1369 1077 1407 satis.

254 1422 306 1459 X.
338 1422 519 1473 Sequitur
546 1421 767 1472 disputatio,
796 1423 946 1474 copiosa
971 1423 1039 1460 illa
1058 1422 1230 1475 quidem,
1253 1423 1323 1461 sed

199 1476 316 1527 paulo
345 1476 562 1514 abstrusior.
601 1476 733 1514 Habet
762 1477 865 1514 enim
896 1477 1141 1528 aliquantum
1172 1490 1195 1515 a
1223 1477 1324 1528 phy-

200 1530 310 1576 sicis;
341 1537 385 1567 ut
411 1543 553 1578 verear,
582 1543 630 1567 ne
656 1531 842 1579 majorem
870 1531 1010 1582 largiar
1036 1532 1085 1579 ei,
1106 1531 1174 1583 qui
1193 1539 1325 1569 contra

201 1584 371 1621 dicturus
387 1591 455 1631 est,
475 1584 691 1622 libertatem
707 1591 744 1622 et
762 1584 955 1623 licentiam
971 1599 981 1622 ε
1011 1597 1104 1623 nam
1123 1584 1218 1636 quid
1231 1597 1322 1623 eum

200 1637 393 1675 facturum
424 1646 557 1689 putem
584 1639 631 1676 de
666 1638 805 1676 abditis
832 1640 944 1677 rebus
978 1645 1015 1676 et
1043 1638 1226 1687 obscuris,
1254 1639 1323 1690 qui

199 1691 327 1729 lucem
353 1692 495 1743 eripere
515 1695 702 1731 conetur?
733 1693 808 1731 Sed
827 1693 1013 1744 disputari
1031 1700 1180 1744 poterat
1198 1693 1322 1731 subti-

198 1745 297 1793 liter,
315 1754 459 1797 quanto
475 1747 584 1797 quasi
600 1746 758 1785 artificio
773 1754 911 1785 natura
925 1746 1110 1785 fabricata
1128 1754 1224 1785 esset
1241 1746 1323 1798 pri-

199 1811 311 1836 mum
330 1800 474 1837 animal
489 1813 628 1845 omne3
650 1800 787 1839 deinde
805 1800 1002 1839 hominem
1017 1801 1213 1838 maxime:
1234 1813 1323 1852 quae

198 1853 255 1891 vis
276 1862 371 1891 esset
384 1854 424 1891 in
439 1855 635 1892 sensibus:
659 1854 988 1916 quemadmodum
1006 1854 1133 1906 primo
1152 1855 1233 1893 visa
1251 1867 1321 1893 nos

198 1907 407 1958 pellerent.
439 1908 576 1946 deinde
595 1908 777 1959 appetitio
797 1911 845 1947 ab
864 1909 923 1946 his
942 1909 1054 1960 pulsa
1073 1916 1317 1960 sequeretur·

198 1968 284 1999 tum
318 1968 362 1999 ut
394 1974 524 2000 sensus
557 1962 606 2000 ad
638 1975 696 2000 res
727 1962 987 2015 percipiendas
1022 1962 1318 2000 intenderemus.

199 2014 316 2053 Mens
337 2016 439 2053 enim
458 2016 554 2067 ipsa,
576 2029 663 2068 quae
677 2029 880 2064 sensuum
878 2016 963 2055 fons
984 2023 1052 2064 est,
1069 2024 1184 2068 atque
1203 2015 1319 2054 etiam

197 2068 282 2120 ipsa
295 2082 426 2108 sensus
445 2078 514 2117 est,
536 2071 750 2108 naturalem
770 2071 849 2108 vim
867 2070 997 2118 habet,
1017 2083 1135 2131 quam
1154 2069 1320 2108 intendit

197 2122 247 2160 ad
273 2136 330 2171 ea,
351 2124 492 2175 quibus
516 2132 703 2163 movetur.
746 2125 884 2177 Itaque
903 2124 978 2162 alia
997 2125 1078 2162 visa
1096 2124 1149 2162 sic
1167 2123 1316 2175 arripit,

197 2184 243 2215 ut
259 2177 320 2217 his
338 2178 467 2218 statim
486 2185 616 2218 utatur
628 2194 640 2218 z
670 2178 801 2232 aliqua
818 2178 1015 2227 recondit3
1036 2192 1057 2218 e
1075 2178 1216 2232 quibus
1233 2190 1316 2218 me-
