1456 2396
211 52 288 91 144
330 51 415 92 AD
444 50 958 102 HERENNIUM5LIB.
980 52 1015 92 I.
1044 50 1152 91 CAP.
1171 52 1211 90 4.

204 173 296 200 cum
325 162 501 214 diligenti
528 162 689 212 ratione,
720 170 766 201 ut
792 162 1013 215 aliquorum
1037 160 1182 200 similes
1203 159 1245 198 in
1269 158 1331 198 di-

204 215 324 256 cendo
356 218 520 257 velimus
551 230 643 256 esse.
682 216 919 257 Exercitatio
946 223 1004 255 αἱ
1031 215 1207 255 assiduus
1235 225 1329 252 usus

201 272 514 324 consuetudoque
531 271 694 311 dicendi.

258 325 459 373 Quoniam
489 327 607 378 igimr
636 326 941 366 demonstratum
969 331 1039 375 est,
1071 336 1168 377 quas
1194 335 1329 362 musas

204 388 394 419 oratorem
420 380 598 433 recipere,
625 394 798 434 quasque
823 395 882 420 res
905 381 1060 428 habere,
1081 377 1335 438 conveniretj

204 448 323 483 nunc,
344 436 673 488 quemadmodum
692 436 741 474 ad
766 436 976 475 orationem
1001 433 1147 486 possint
1170 430 1337 474 oratoris.

204 489 329 529 officia
347 490 639 540 accommodari,
660 490 867 530 dicendum
886 490 1048 529 v1detur.

261 544 346 583 III.
376 545 590 584 Inventio
579 558 621 583 ιιι
646 558 713 584 sex
731 552 857 598 partes
876 544 1056 583 orationis
1075 541 1329 589 consumitur,

205 599 247 638 in
266 599 483 649 exordium,
512 599 784 647 narrationem,
811 599 1052 647 divisionem,
1072 596 1329 637 confirmatio-

204 666 325 716 nem,
338 654 654 716 confutationem,
686 655 979 694 conclusionem.
1022 652 1243 692 Exordium
1273 657 1330 689 aet

204 708 439 761 principium
458 708 651 757 orationis,
671 723 740 762 per
753 709 858 761 quod
876 709 1029 747 animus
1042 706 1226 746 auditoris
1239 717 1331 744 con-

204 763 377 802 stituitur
401 762 451 802 ad
476 763 725 802 audiendum.
767 763 950 802 Narratio
976 771 1032 801 est
1056 774 1187 801 rerum
1204 767 1330 812 gesta-

204 830 308 867 rum,
337 826 405 856 aut
434 817 592 869 perinde
620 825 666 855 ut
695 826 904 870 gestarum,
934 817 1133 870 expositio.
1179 813 1332 853 Divisio

204 879 274 920 est,
303 885 372 924 per
400 885 520 925 quam
551 872 761 924 aperimus,
791 872 886 925 quid
915 871 1131 920 conveniat,
1163 869 1259 922 quid
1289 869 1331 906 in

204 927 460 966 controversia
479 926 553 973 sit3
583 934 620 965 et
633 941 701 979 per
721 940 840 980 quam
859 927 1102 979 exponimus,
1123 925 1264 978 quibus
1283 923 1332 961 de

203 983 318 1020 rebus
341 982 461 1020 simus
480 981 631 1020 dicturi.
672 981 925 1021 Confirmatio
949 989 1005 1020 oet
1027 988 1244 1019 nostrorum
1271 991 1332 1016 ar-

202 1044 481 1098 gumentorum
511 1035 712 1088 expositio,
739 1049 828 1076 cum
855 1036 1140 1075 asseveratione.
1182 1033 1332 1073 Confu-

203 1091 298 1129 tatio
318 1098 373 1129 est
392 1091 667 1129 contrariorum
686 1091 859 1130 locorum
877 1090 1087 1130 dissolutio.
1125 1088 1332 1128 Conclusio

203 1152 262 1184 &t
285 1144 509 1184 artificiosus
534 1146 721 1184 terminus
739 1145 931 1184 orationis.
973 1145 1108 1207 Nunc,
1129 1144 1331 1196 quoniam,

203 1212 284 1238 una
303 1212 393 1238 cum
411 1199 569 1238 oratoris
587 1199 733 1247 officiis,
754 1213 833 1252 quo
857 1213 916 1238 ιω
935 1199 1089 1251 cognitu
1108 1198 1255 1238 facilior
1274 1210 1332 1236 ffi-

202 1261 273 1303 set,
303 1254 479 1306 producti
498 1267 646 1316 sumus,
673 1262 719 1293 ut
742 1254 790 1293 de
808 1254 989 1293 orationis
1006 1253 1180 1306 partibus
1197 1252 1333 1304 loque-

203 1322 347 1357 remur,
369 1317 407 1347 et
421 1322 483 1347 eas
502 1309 552 1347 ad
570 1309 800 1348 inventionis
817 1309 1006 1348 rationem
1025 1306 1332 1347 accommodare-

201 1375 317 1408 mus;
347 1362 395 1402 de
414 1363 570 1402 exordio
589 1364 761 1416 primum
780 1363 987 1402 dicendum
1007 1363 1169 1402 videtur.

258 1417 389 1456 Causa
414 1418 553 1470 posita,
581 1432 659 1470 quo
682 1417 922 1457 commodius
941 1417 1107 1457 exordiri
1124 1429 1331 1470 pommus,

202 1485 325 1523 genus
348 1485 471 1511 causae
496 1473 815 1511 considerandum
841 1480 909 1511 κί’..
951 1472 1104 1510 Genera
1128 1484 1331 1511 musamm

203 1534 295 1565 sunt
325 1535 505 1578 quatuor,
536 1527 757 1575 honestum,
791 1534 919 1579 turpe,
953 1527 1134 1575 dubium,
1167 1526 1330 1565 humile.

203 1580 427 1619 Honestum
447 1595 570 1620 causae
594 1595 717 1634 genus
735 1589 908 1634 putatur,
929 1594 1018 1620 cum
1044 1588 1113 1619 aut
1136 1580 1178 1619 id
1199 1580 1332 1619 defen-

203 1634 349 1683 dimus,
370 1636 474 1687 quod
494 1637 542 1674 ab
562 1637 743 1674 omnibus
761 1635 1047 1674 defendendum
1067 1635 1243 1681 videtur3
1263 1643 1333 1674 aut

202 1687 244 1727 id
263 1702 548 1741 oppugnamus,
570 1691 675 1742 quod
689 1691 738 1729 ab
752 1690 934 1729 omnibus
948 1689 1098 1728 videtur
1115 1688 1335 1742 oppugnari

202 1743 367 1788 debere;
398 1752 442 1782 ut
460 1757 530 1795 pro
549 1745 630 1783 viro
649 1744 740 1783 forti
757 1751 890 1784 contra
906 1744 1148 1796 parricidam.
1196 1744 1333 1795 Turpe

199 1810 325 1849 genus
343 1798 584 1849 intelligitur,
612 1812 700 1838 cum
729 1806 798 1838 aut
814 1799 975 1838 honesta
991 1812 1050 1837 res
1068 1806 1331 1850 oppugnatur,

200 1858 271 1890 aut
284 1851 501 1890 defenditur
516 1853 650 1904 turpis.
680 1853 862 1892 Dubium
880 1866 1002 1905 genus
1017 1860 1089 1901 est,
1107 1865 1199 1892 cum
1216 1852 1334 1891 habet

201 1905 243 1943 in
263 1919 303 1945 se
317 1920 431 1945 causa
445 1915 483 1945 et
495 1907 703 1946 honestatis
722 1916 760 1946 et
779 1907 1029 1960 turpitudinis
1047 1915 1210 1959 partem.
1239 1906 1331 1946 Hu-

200 1960 295 1998 mile
312 1974 435 2012 genus
454 1969 524 2009 est,
545 1975 634 2000 cum
654 1970 847 2001 contemta
866 1975 924 2001 ιω
942 1962 1110 2001 affertur.

257 2014 335 2053 IV.
365 2015 470 2054 Cum
495 2015 577 2054 haee
595 2016 650 2054 ita
668 2016 759 2065 sint,
779 2017 979 2055 conveniet
1003 2016 1250 2056 exordiorum
1268 2028 1330 2054 ra·

197 2068 346 2107 tionem
371 2069 421 2108 ad
445 2082 568 2121 genus
586 2084 711 2109 causae
729 2070 1021 2110 accommodari.
1067 2070 1329 2110 Exondiorum

200 2122 280 2160 duo
299 2131 390 2162 sunt
407 2137 560 2176 genera,
582 2124 840 2177 Principium,
866 2126 972 2178 quod
991 2125 1125 2164 Graece
1146 2131 1329 2175 Προοιμον

200 2177 443 2229 appellatum
473 2187 511 2219 et
531 2179 761 2230 Insinuatio‚
782 2193 870 2232 quae
890 2179 1021 2230 Εφοδος
1040 2179 1273 2222 nominatur.
