1456 2396
450 107 710 158 ORATOR
712 94 837 148 011»
855 109 919 147 51
1195 106 1245 144 49

127 229 243 269 quam
273 217 354 256 haec
384 218 467 268 jam
496 218 675 270 perfecta,
707 217 902 256 delectet?
942 216 1009 254 ina
1036 214 1145 253 nobis
1178 214 1240 259 sit,

120 271 244 319 credo,
263 272 491 324 repetenda:
522 272 603 311 haec
618 272 760 311 scilicet
778 271 1026 323 repudianda.
1057 268 1242 308 Nomini-

93 347 96 349 ,
119 327 192 364 bus
205 333 375 365 veterum
386 326 609 378 gloriantur.
640 327 771 365 Habet
785 333 928 373 autem,
947 333 992 363 ut
1010 325 1050 362 in
1067 324 1242 362 aetatibus

119 380 382 419 auctoritatem
411 388 597 429 senectus,
629 381 682 419 sic
711 381 752 418 in
783 379 969 431 exemplis
1002 378 1238 430 antiquitas·
1226 406 1237 420 .,

122 447 208 486 quae
226 434 382 485 quidem
401 435 506 486 apud
530 448 593 473 me
617 435 746 487 ipsum
773 435 874 472 valet
901 433 1140 485 plurimum:
1172 444 1242 469 nec

120 500 191 539 ego
208 488 262 537 id,
283 489 387 541 quod
405 489 510 528 deest
534 489 810 550 antiquitati,
796 488 927 540 flagito
952 488 1095 539 potius,
1123 498 1241 538 quam

119 542 248 591 laudo,
265 543 368 595 quod
387 551 467 582 est:
497 544 707 595 praesertim
727 555 817 582 cum
836 556 880 581 ea
894 543 1041 592 majora
1055 541 1240 591 judicem,

120 609 207 648 quae
225 605 328 646 sunt,
348 610 467 649 quarn
485 598 566 644 illa,
588 611 676 649 quae
693 597 842 636 desunt.
882 597 978 635 Plus
997 603 1053 634 est
1079 595 1182 633 enim
1200 595 1239 632 in

122 651 245 690 verbis
274 658 312 689 et
339 652 381 689 in
411 652 606 691 sententiis
635 652 741 713 boni,
774 651 915 704 quibus
944 651 1004 688 1111
1033 650 1240 695 excellunt,

120 718 238 757 quam
257 705 297 744 in
312 706 552 745 conclusione
563 706 851 753 sententiarum,
865 718 983 757 quam
996 717 1072 742 non
1085 704 1240 741 habent.

175 759 248 798 LI.
278 760 372 799 Post
389 761 545 799 inventa
563 761 755 800 conclusio
774 767 843 807 est,
864 760 943 811 (1113
969 759 1078 798 010ᾱο
1104 771 1241 796 usuros

121 819 263 853 veteres
280 814 366 853 illos
393 815 524 863 fuisse,
552 816 584 853 si
609 817 692 865 jam
717 822 809 853 nota
833 821 948 866 atque
972 820 1158 864 usurpata
1182 825 1240 850 res

121 875 242 915 esset3
271 868 350 921 (1113
367 869 536 918 inventii,
557 882 691 908 omnes
709 882 797 908 usos
822 881 983 920 magnos
1001 875 1165 906 oratores
1184 867 1240 904 vi-

121 921 268 961 demus.
298 922 375 962 Sed
391 923 508 962 habet
525 936 665 963 nomen
684 923 884 971 invidiam,
905 935 994 962 cum
1012 922 1053 959 in
1072 921 1241 959 oratione

119 976 294 1026 judiciali
307 984 345 1015 et
357 977 497 1016 forensi
515 990 712 1027 numerus,
727 976 1036 1024 61310οῬυθμο
1049 975 1170 1014 1110550
1182 975 1241 1012 (11-

122 1030 232 1069 citur.
272 1031 404 1070 Nimis
432 1032 537 1071 enim
565 1032 792 1072 insidiarum
820 1031 871 1070 ad
900 1030 1102 1082 capiendas
1131 1043 1243 1068 aures

122 1084 294 1124 adhiberi
323 1085 486 1135 videtur,
517 1086 563 1135 si,
595 1087 711 1125 etiam
739 1087 780 1125 in
808 1085 982 1147 dicendo,
1011 1084 1164 1123 numeri
1192 1085 1242 1122 ab

122 1146 269 1178 oratore
286 1148 523 1191 quaeruntur.
554 1141 642 1180 Hoc
660 1141 748 1180 freti
766 1141 843 1188 isti,
871 1148 909 1179 et
926 1139 1000 1192 ipsi
1025 1139 1186 1177 infracta
1206 1146 1241 1177 et

123 1201 323 1245 amputata
347 1195 572 1246 loquuntur,
593 1202 630 1234 et
656 1209 718 1234 eos
743 1196 975 1247 vituperant,
996 1194 1067 1246 qui
1090 1201 1180 1245 apta
1205 1200 1243 1231 et

123 1247 233 1286 finita
260 1249 510 1299 pronuntiant
522 1264 534 1288 z
575 1250 607 1288 si
635 1249 815 1288 inanibus
844 1248 982 1297 verbis,
1016 1248 1243 1298 levibusque

124 1302 334 1350 sententiis,
351 1303 437 1352 jure
453 1317 464 1340 z
495 1303 552 1342 sin
570 1305 701 1355 probae
718 1317 791 1352 res,
806 1305 904 1342 lecta
921 1304 1051 1350 verba,
1072 1301 1167 1354 quid
1186 1308 1241 1339 est

123 1368 191 1394 cur
202 1356 376 1394 claudere
386 1363 454 1395 aut
463 1356 634 1396 insistere
644 1358 853 1396 orationem
860 1357 1012 1403 malint,
1023 1369 1142 1408 quam
1151 1368 1239 1394 eum

120 1410 311 1449 sententia
323 1410 463 1462 pariter
474 1424 670 1451 excurrere
686 1414 703 1451 Ρ
734 1413 812 1451 Hic
827 1411 930 1450 enim
943 1410 1153 1449 invidiosus
1167 1422 1240 1447 nu-

122 1476 251 1503 merus
268 1465 366 1503 nihil
385 1465 494 1503 affert
511 1466 630 1515 aliud,
650 1466 724 1504 nisi
742 1474 787 1505 ut
814 1466 863 1504 sit
879 1472 967 1517 apte
985 1464 1110 1503 verbis
1135 1477 1239 1503 com-

121 1517 308 1570 prehensa
334 1519 542 1558 sententia:
572 1521 677 1572 quod.
695 1521 739 1559 fit
758 1521 873 1559 etiam
897 1521 946 1558 ab
964 1519 1146 1570 antiquis,
1174 1518 1239 1556 sed

122 1573 351 1624 plerumque
368 1586 471 1622 casu,
492 1588 591 1626 saepe
609 1575 770 1614 natur-22:
802 1583 840 1614 et
853 1588 940 1627 quae
953 1573 1063 1612 valde
1077 1573 1239 1611 laudan-

121 1633 186 1664 tur
198 1627 302 1678 apud
319 1627 418 1676 illos,
433 1641 477 1667 ea
493 1629 585 1677 fere,
601 1629 694 1681 quia
707 1637 797 1668 sunt
815 1629 1004 1674 conclusa,
1017 1627 1236 1665 laudantur.

173 1681 229 1719 Et
246 1682 350 1733 apud
369 1682 522 1722 Graecos
537 1683 694 1735 quidem
708 1685 792 1734 jam
806 1683 898 1721 anni
915 1695 1034 1734 prope
1053 1681 1237 1733 quadrin-

116 1735 223 1786 genti
234 1743 337 1785 sunt,
354 1749 443 1775 cum
457 1737 530 1777 hoc
541 1740 747 1789 probatur;
771 1750 840 1776 nos
859 1750 982 1789 nuper
995 1736 1237 1787 agnovimus.

119 1789 226 1841 Ergo
239 1789 368 1829 Ennio
386 1791 508 1840 licuit,
529 1799 655 1831 vetera
673 1792 946 1841 contemnenti,
967 1791 1090 1830 dicere
1103 1804 1115 1828 ε

173 1865 202 1887 “
214 1863 409 1915 Versibu',
423 1879 518 1918 quos
534 1866 627 1906 olim
640 1867 767 1906 Fauni
778 1874 960 1919 vatesque
974 1867 1162 1906 canebant
1176 1865 1218 1904 :⁹⁹

119 1952 217 1991 mihi
241 1952 289 1992 de
307 1954 474 2007 antiquis
499 1955 632 1995 eodem
651 1956 766 1997 modo
785 1968 862 1996 non
888 1955 1050 1995 licebit?
1080 1968 1236 2007 praeser-

119 2007 191 2046 tim
209 2020 298 2046 cum
315 2008 484 2048 dicturus
500 2023 579 2049 non
598 2011 685 2060 sim,
717 2013 745 2034 “
764 2012 873 2050 Ante
898 2010 1046 2059 1111110,”
1072 2018 1117 2048 ut
1142 2010 1231 2051 ille
1222 2023 1231 2032 ·

119 2073 188 2099 nec
204 2074 292 2113 quae
304 2071 530 2114 sequuntur,
559 2066 588 2087 ‘⁴
607 2065 692 2104 Nos
706 2067 790 2105 ausi
808 2065 996 2104 reserare”
1051 2092 1062 2102 .
1078 2091 1089 2101 .
1135 2064 1235 2114 Legi

118 2114 220 2154 enim
237 2115 441 2169 audivique
455 2120 673 2167 nonnullos,
690 2133 856 2172 quorum
870 2118 1151 2172 propemodum
1166 2119 1234 2155 ab·

113 2170 235 2208 solute
252 2171 538 2211 concluderetur
555 2174 685 2214 oratio.
725 2175 843 2224 Quod
870 2174 938 2225 qui
963 2186 1039 2213 non
1058 2178 1231 2224 possunt,

164 2225 358 2274 (Rhetor.)
379 2237 484 2266 vor..
507 2239 558 2267 11.
878 2240 904 2266 1·
