1456 2396
221 110 713 153 ACADEMICORUM
738 113 838 152 Lm.
854 113 914 154 11.
934 113 1041 153 CAP.
1057 114 1123 152 32.
1165 114 1247 158 327

113 221 300 261 sententia
317 221 590 274 navigaturum
605 225 623 262 ἓ
652 222 723 275 qui
741 230 864 274 potest
878 225 896 262 ἓ
937 222 1014 262 Sed
1039 222 1071 261 si
1095 223 1179 273 jam
1197 235 1246 260 ex

113 275 187 314 1100
203 276 287 315 1000
303 275 562 327 proficiscatur
581 277 764 316 Puteolos
783 278 905 316 stadia
926 277 1097 328 triginta,
1125 278 1247 328 probo

114 329 282 381 navigio,
308 332 410 369 bono
434 333 703 382 gubernatore,
729 331 801 370 hac
825 331 1127 383 tranquillitate3
1162 344 1250 381 pro-

114 383 242 422 babile
261 384 449 434 videatur,
470 399 509 424 se
527 385 620 424 illuc
639 394 848 424 venturum
867 399 945 425 esse
964 386 1126 424 salvum.
1157 385 1249 423 Hu-

110 437 284 487 jusmodi
301 439 419 490 igitur
437 439 526 478 visis
545 441 702 478 consilia
724 441 847 492 capiet
874 448 911 479 et
937 440 1090 492 agendi,
1111 446 1149 478 et
1169 452 1248 478 non

113 492 275 543 agendi:
301 493 524 546 faciliorque
543 495 627 543 erit,
647 503 692 533 ut
711 496 841 533 albam
860 508 938 533 esse
952 495 1082 532 nivem
1097 495 1247 546 probet,

114 559 235 597 quam
260 556 341 586 erat
368 549 639 600 Anaxagoras,
671 549 740 601 qui
768 549 809 587 id
837 561 915 587 non
943 549 1058 587 modo
1086 549 1141 587 ita
1169 562 1248 587 esse

113 603 295 652 negabat,
327 603 394 641 sed
424 603 510 651 sibi,
542 604 635 655 quia
664 604 775 642 sciret
802 617 944 655 aquam
973 603 1125 654 nigram
1153 616 1247 651 esse,

115 655 220 694 unde
238 657 306 696 illa
325 665 497 696 concreta
516 666 625 706 esset,
647 658 806 697 albam
796 671 921 710 ipsam
946 671 1037 719 esse,
1058 671 1106 696 ne
1129 657 1250 695 videri

115 710 288 770 quidem.
322 711 378 750 Et
396 725 652 764 quaecumque
670 726 728 751 res
749 726 839 751 eum
858 712 911 750 sic
932 712 1108 763 attinget,
1128 720 1174 750 ut
1200 711 1248 749 sit

115 764 242 803 visum
275 766 374 804 illud
406 767 618 829 probabile,
652 780 778 819 neque
810 767 894 805 ulla
925 780 967 805 re
998 766 1246 817 impeditum,

115 819 345 858 movebitur.
394 821 488 860 Non
519 822 623 860 enim
657 831 712 860 est
743 835 763 860 e
793 834 885 860 saxo
913 821 1099 872 sculptus,
1131 828 1198 858 aut
1228 833 1249 858 e

114 874 250 912 robore
268 875 443 914 dolatus:
473 876 588 914 habet
607 889 770 928 corpus3
799 876 916 914 habet
935 875 1136 913 animum:
1165 887 1250 912 mo-

115 935 226 965 vetur
252 937 407 975 mente;
442 939 620 969 movetur
643 931 840 977 sensibus3
876 938 920 968 ut
949 930 983 968 ei
1011 930 1137 967 multa
1162 941 1251 966 vera

115 981 343 1030 videantur3
379 997 504 1036 neque
530 993 661 1024 tamen
689 986 829 1024 habere
857 985 1048 1036 insignem
1076 984 1186 1021 illam
1214 990 1251 1020 et

115 1038 310 1088 propriam
336 1039 571 1090 percipiendi
596 1049 753 1078 notam:
790 1053 911 1092 eoque
937 1039 1148 1090 sapientem
1174 1049 1253 1075 non

115 1092 303 1141 assentiri,
332 1093 424 1145 quia
449 1095 568 1145 possit
594 1094 767 1144 ejusdem
786 1094 893 1133 modi
912 1094 1091 1132 exsistere
1110 1092 1255 1130 falsum

116 1145 288 1197 aliquod,
319 1149 536 1197 cujusmodi
564 1149 636 1187 hoc
665 1162 812 1187 v.erum
856 1149 997 1199 Neque
1025 1160 1094 1185 nos
1125 1154 1256 1185 contra

118 1212 250 1239 sensus
277 1201 386 1240 aliter
410 1202 588 1250 dicimus,
609 1217 653 1242 ac
673 1203 806 1251 Stoici,
830 1203 899 1255 qui
916 1202 1042 1240 multa
1060 1201 1157 1239 falsa
1177 1213 1256 1239 esse

118 1254 267 1304 dicunt,
300 1256 493 1309 longeque
526 1258 636 1296 aliter
668 1271 708 1297 se
736 1258 891 1307 habere,
923 1269 968 1295 ac
997 1256 1171 1295 sensibus
1199 1254 1256 1294 vi-

121 1308 297 1348 deantur.
1252 1328 1279 1334 ‘⁷
1324 1328 1331 1332 ’

175 1363 365 1402 XXXII.
403 1365 493 1404 Hoc
523 1374 654 1405 autem
685 1365 717 1403 si
745 1365 800 1403 ita
826 1366 889 1414 sit,
918 1372 963 1402 ut
989 1377 1115 1403 unum
1140 1362 1257 1402 modo

121 1418 294 1456 sensibus
313 1419 457 1457 falsum
477 1420 676 1464 videatur;
701 1433 798 1471 praes
802 1429 840 1457 to
861 1427 930 1463 est..
948 1420 1015 1470 qui
1031 1426 1158 1470 neget,
1174 1430 1259 1456 rem

120 1473 244 1510 ullam
263 1473 407 1524 percipi
426 1487 535 1525 posse
562 1449 746 1512 sensibus.
790 1474 866 1519 Ita,
891 1474 1001 1512 nobis
1029 1472 1257 1534 tacentibus,

122 1539 172 1565 ex
204 1539 283 1566 uuo
313 1527 475 1579 Epicuri
505 1529 642 1580 capite,
677 1529 794 1566 altero
823 1536 962 1576 vestro,
994 1527 1187 1579 perceptio
1221 1534 1260 1564 et

123 1581 410 1633 comprehensio
431 1583 589 1621 tollitur.
632 1582 751 1631 Quod
771 1590 826 1621 est
845 1591 961 1633 caput
980 1581 1175 1633 Epicuri?
1217 1580 1260 1619 Si

123 1636 252 1673 ullum
272 1637 444 1675 sensibus
464 1636 590 1675 visum
606 1637 748 1676 falsum
764 1645 833 1684 est,
850 1637 948 1674 nihil
962 1636 1107 1688 percipi
1120 1642 1257 1688 potest.

125 1689 245 1738 Quod
263 1693 466 1730 vestrum?
497 1692 597 1730 Sunt
616 1692 712 1730 falsa
731 1695 861 1730 sensus
881 1691 973 1729 visa.
1005 1691 1115 1739 Quid
1133 1689 1260 1741 sequi-

123 1752 210 1784 tur
201 1747 218 1772 ⁹
260 1746 318 1784 Ut
336 1754 497 1794 taceam,
518 1746 739 1786 conclusio
729 1759 813 1807 ipsa
830 1746 1018 1797 loquitur,
1039 1745 1138 1783 nihil
1146 1757 1262 1806 posse

124 1799 281 1851 percipi.
317 1801 409 1839 Non
431 1801 609 1850 concedo,
629 1801 771 1853 inquit,
792 1800 974 1852 Epicuro.
1011 1799 1126 1838 Certa
1143 1799 1262 1850 igitur

127 1866 218 1891 cum
242 1854 324 1904 illo,
345 1855 415 1907 qui
439 1869 463 1894 a
488 1863 526 1894 te
552 1863 654 1894 totus
680 1855 851 1894 diversus
870 1862 953 1894 est:
985 1854 1066 1893 noli
1090 1866 1259 1902 mecum,

127 1907 197 1959 qui
214 1907 287 1947 hoc
306 1909 465 1971 quidem
484 1918 597 1958 certe,
617 1909 705 1948 falsi
724 1923 803 1950 esse
829 1909 978 1962 aliquid
1002 1909 1045 1948 in
1071 1908 1260 1956 sensibus,

132 1962 204 2000 tibi
223 1964 418 2003 assentior.

185 2015 442 2070 Quamquam
459 2019 558 2057 1111111
576 2019 676 2057 mihi
693 2026 775 2058 tam
792 2018 940 2057 mirum
958 2018 1123 2067 videtur,
1144 2029 1263 2068 quam

126 2070 200 2109 ista
225 2071 314 2119 dici,
343 2074 392 2111 ab
419 2073 616 2112 Antiocho
644 2074 804 2135 quidem
831 2074 1020 2135 maxime,
1047 2072 1110 2111 cui
1138 2078 1261 2119 erant,

126 2138 216 2176 quae
233 2126 351 2177 paulo
370 2134 459 2166 ante
477 2127 573 2176 dixi,
589 2128 800 2167 notissima-
829 2128 942 2167 Licet
960 2128 1065 2165 enim
1079 2126 1162 2164 haec
1177 2125 1263 2177 qui-

128 2178 187 2218 vis
216 2180 402 2219 arbitratu
435 2194 505 2220 suo
533 2182 801 2235 reprehendat,
834 2181 939 2234 quod
966 2193 1153 2232 negemus
1179 2192 1265 2218 rem

130 2233 255 2274 ullam
283 2235 428 2290 percipi
459 2249 598 2289 posse·
585 2265 599 2285 ‚
640 2244 740 2276 certe
767 2236 888 2277 levior
920 2234 1167 2288 reprehensio
1199 2240 1268 2287 031.
