1456 2396
221 88 302 134 278
355 87 842 129 ACADEMICORUM
864 89 964 129 Lm.
981 91 1015 130 Ι.
1029 90 1136 131 CAP.
1156 92 1220 130 11.

223 196 305 235 fieri
331 210 440 258 posse
469 197 700 245 disserebat,
690 212 700 223 ·
731 212 800 238 nec
830 199 980 238 virtutis
1006 212 1122 239 usum
1146 199 1277 248 modo,
1306 207 1352 239 ut

221 252 446 303 superiores,
468 253 533 290 sed
560 253 689 304 ipsum
713 254 906 316 habitum,
928 267 996 306 per
1021 268 1061 292 se
1086 267 1165 293 esse
1190 255 1348 306 praecla-

220 317 336 351 rum;
368 318 437 344 nec
462 314 591 345 tamen
620 307 801 346 virtutem
825 309 1007 360 cuiquam
1027 308 1170 357 adesse,
1190 309 1286 372 quin
1305 322 1350 347 ea

221 372 369 411 semper
389 368 570 399 uteretur.
602 362 782 414 Cumque
801 362 1127 414 perturbationem
1147 363 1268 402 animi
1289 363 1349 402 illi

221 426 269 451 ex
288 414 444 453 homine
463 427 540 453 non
559 417 748 465 tollerent,
769 416 982 469 naturaque
1005 424 1043 455 et
1071 417 1345 466 condolescere,

221 475 257 505 et
277 469 550 521 concupiscere,
574 477 611 508 et
630 471 886 519 extimescere,
908 479 945 510 et
971 470 1094 509 efferri
1118 471 1265 520 laetitia,
1286 471 1346 510 di-

219 530 358 571 cerent,
380 524 445 562 sed
465 537 550 563 eam
569 526 846 573 contraherent,
863 526 904 563 in
924 533 1213 577 angustumque
1227 525 1348 565 dedu-

219 585 373 624 cerent3
403 578 466 617 hic
498 580 678 618 omnibus
705 580 766 618 his
784 580 893 632 quasi
917 579 1062 618 morbis
1081 579 1203 618 voluit
1221 593 1348 619 carere

218 631 441 682 sapientem.
473 633 655 686 Cumque
675 648 736 673 eas
754 634 1058 686 perturbationes
1069 634 1220 686 antiqui
1233 644 1348 673 natu-

217 686 316 724 rales
349 700 428 726 esse
457 688 638 737 dicerent,
672 696 710 727 et
734 689 891 727 rationis
919 696 1106 740 expertes,
1131 686 1283 740 aliaque
1307 689 1347 726 in

216 747 325 790 parte
353 742 473 780 animi
501 743 764 794 cupiditatem,
791 743 866 782 alia
890 743 1077 782 rationem
1105 743 1346 791 collocarent,

216 806 266 833 ne
284 794 344 834 his
363 796 521 848 quidem
540 798 842 836 assentiebatur:
873 809 964 836 nam
990 805 1027 835 et
1045 797 1350 859 perturbationes

216 849 450 889 voluntarias
463 865 541 890 esse
554 854 730 903 putabat,
747 852 1013 904 opinionisque
1025 851 1171 901 judicio
1185 851 1348 903 suscipi;

214 910 252 940 et
266 905 442 943 omnium
455 906 788 968 perturbationum
800 907 1057 945 arbitrabatur
1072 919 1151 945 esse
1168 914 1348 953 matrem,

215 956 509 998 immoderatam
525 961 737 1012 quamdam
756 961 1103 1013 intemperantiam.
1154 960 1252 998 Haec
1270 960 1349 998 fere

217 1011 265 1051 de
284 1014 469 1052 moribus.

270 1067 348 1106 XI.
378 1067 442 1107 De
461 1069 608 1107 naturis
628 1077 757 1107 autem
778 1069 831 1108 sic
850 1069 1064 1107 sentiebat·
1052 1098 1064 1114 ,
1094 1068 1282 1120 primum,
1303 1076 1348 1107 ut

215 1130 380 1173 quatuor
409 1123 528 1161 initiis
560 1136 689 1161 rerum
714 1123 791 1161 illis
817 1123 995 1175 quintam
1024 1123 1124 1161 hanc
1149 1132 1346 1171 naturam,

214 1189 262 1214 ex
282 1175 358 1228 qua
378 1178 588 1229 superiores
608 1190 740 1216 sensus
760 1185 797 1216 et
821 1185 994 1216 mentem
1023 1176 1120 1215 effici
1145 1178 1343 1224 rebantur,

213 1243 291 1268 non
318 1231 526 1270 adhiberet.
570 1232 773 1270 Statuebat
805 1231 924 1280 enim,
953 1231 1085 1283 ignem
1110 1244 1190 1270 esse
1219 1231 1345 1283 ipsam

212 1293 408 1333 naturam,
430 1299 518 1337 quae
551 1286 724 1338 quidque
751 1286 938 1338 gigneret,
969 1293 1007 1324 et
1033 1292 1205 1324 mentem
1229 1293 1346 1338 atque

213 1352 356 1378 sensus.
406 1339 659 1391 Discrepabat
690 1341 806 1379 etiam
839 1342 888 1378 ab
917 1340 1068 1387 iisdem,
1101 1339 1205 1392 quod
1235 1340 1347 1379 nullo

211 1394 327 1432 modo
347 1395 604 1433 arbitrabatur
623 1395 839 1447 quidquam
859 1394 956 1433 effici
974 1407 1085 1446 posse
1107 1395 1157 1432 ab
1177 1407 1234 1441 ea,
1256 1407 1345 1446 quae

212 1461 347 1500 expers
367 1456 463 1488 esset
477 1449 641 1500 corporis
658 1451 786 1499 (cujus
805 1449 953 1501 generis
972 1449 1208 1487 Xenocrates
1227 1457 1265 1487 et
1278 1462 1344 1487 su-

211 1503 376 1554 periores
391 1503 506 1541 etiam
526 1503 704 1542 animum
725 1517 803 1542 esse
818 1504 1043 1551 dixemnt)·
1030 1532 1043 1550 ‚
1073 1515 1142 1541 nec
1157 1515 1259 1552 vero,
1276 1508 1344 1541 aut

211 1558 317 1608 quod
332 1558 494 1596 efficeret
513 1558 674 1610 aliquid,
691 1566 759 1596 aut
777 1557 881 1610 quod
897 1557 1120 1606 efficeretur,
1135 1570 1245 1609 posse
1264 1569 1346 1597 esse

211 1623 290 1650 non
311 1625 460 1664 corpus.

266 1666 443 1705 Plurima
472 1673 603 1705 autem
632 1666 673 1705 in
706 1665 773 1706 illa
804 1665 916 1705 tertia
950 1665 1204 1728 philosophiae
1235 1672 1344 1718 parte

208 1721 399 1767 mutavit3
430 1722 470 1759 in
500 1735 576 1773 qua
600 1723 773 1785 primum
792 1721 840 1760 de
859 1721 1062 1760 sensibus·
1050 1720 1142 1772 1psis
1162 1733 1215 1772 qu

208 1774 309 1812 dixit
327 1787 451 1821 nova;
482 1789 578 1828 quos
594 1778 747 1826 junctos
760 1789 839 1814 esse
853 1775 1000 1815 censuit
1011 1788 1035 1813 a
1049 1774 1219 1827 quadam
1231 1773 1343 1827 quasi

209 1828 443 1880 impulsione
462 1830 590 1868 oblata
609 1831 855 1878 extrinsecus,
890 1843 1009 1882 quam
1034 1829 1100 1868 ine
1119 1835 1340 1877 ψαντασιαν,

209 1894 279 1921 1105
307 1884 445 1922 Visum
464 1886 703 1937 appellemus
721 1885 837 1930 licet3
868 1892 905 1923 et
930 1892 1130 1923 teneamus
1154 1882 1228 1922 hoc
1256 1895 1347 1922 ver·-

209 1938 307 1975 bum
338 1938 523 1989 quidem:
557 1940 628 1979 erit
657 1940 760 1978 enim
791 1939 981 1978 utendum
1014 1939 1055 1976 in
1085 1937 1234 1989 reliquo
1263 1949 1342 1975 ser-

208 2003 326 2030 mone
345 1993 495 2045 saepius.
539 1994 615 2032 Sed
634 1994 683 2032 ad
710 1994 806 2043 haec,
837 2007 925 2046 quae
943 1993 1025 2031 visa
1050 1999 1155 2039 sunt,
1176 1998 1213 2029 et
1231 1990 1342 2043 quasi

209 2054 365 2098 accepta
397 2048 583 2095 sensibus,
614 2048 870 2087 assensionem
896 2047 1075 2098 adjungit
1104 2046 1340 2093 arnmorum,

209 2113 330 2152 quam
351 2114 430 2140 esse
450 2102 562 2140 vult
551 2115 592 2140 in
613 2103 723 2142 nobis
741 2102 923 2154 positam,
944 2109 982 2140 et
1001 2099 1271 2140 voluntariam.

263 2155 369 2194 Visis
394 2168 472 2195 non
498 2156 679 2196 omnibus
704 2157 941 2208 adjungebat
963 2155 1094 2203 fidem,
1122 2153 1224 2193 sed
1212 2153 1260 2192 115
1282 2166 1342 2192 so-

206 2209 306 2257 lum,
317 2223 406 2263 quae
418 2211 614 2264 propriam
627 2211 838 2264 quamdam
851 2211 1034 2251 haberent
1049 2208 1342 2251 declarationem
