1456 2396
209 92 289 130 200
329 88 412 128 AD
432 87 812 137 HERENNIUM,
834 87 934 127 LIB.
947 87 1031 127 ΙΙΙ.
1050 86 1156 127 CAP.
1173 88 1237 127 14.

209 199 299 237 toris
323 198 363 236 in
386 198 502 236 totius
526 198 763 237 conclusione
788 210 909 236 causae
922 199 940 235 ?
987 196 1185 244 Quoniam
1214 195 1332 248 igitur

210 266 268 291 res
287 252 428 290 eaedem
446 253 547 292 vocis
565 252 790 290 firmitudini
807 260 845 290 et
865 251 1183 303 pronuntiationis
1208 250 1334 289 suavi-

211 306 281 344 tati
308 314 482 358 prosunt,
512 306 560 344 de
583 307 747 358 utraque
771 319 812 344 re
837 306 953 344 simul
977 304 1048 343 erit
1070 305 1112 342 in
1135 304 1336 356 praesentia

210 361 372 409 dictum,
393 361 440 399 de
457 360 705 408 firmitudine,
725 374 812 413 quae
831 360 910 398 visa
927 367 1041 405 suntt,
1071 358 1119 397 de
1136 359 1334 406 suavitate,

212 429 300 466 quae
319 416 522 465 conjuncta
541 414 723 454 fuerunt·
756 423 889 453 caetera
912 426 981 452 suo
1004 413 1088 452 1000
1112 413 1229 464 paulo
1250 419 1337 464 post

211 469 394 507 dicemus.

268 523 394 562 XIII.
424 523 635 561 Mollitudo
656 523 774 574 igitur
797 522 911 569 vocis,
932 521 1114 574 quoniam
1138 520 1263 560 omnis
1287 520 1337 569 ad

213 577 372 616 rhetoris
389 578 678 629 praeceptionem
696 578 871 629 pertinet,
890 576 1108 628 diligentius
1126 575 1234 614 nobis
1248 587 1337 613 000-

213 631 412 670 sideranda
430 640 495 670 est.
529 631 630 670 Eam
649 631 882 669 dividimus
872 644 912 669 1n
935 643 1161 678 sermonem,
1184 636 1338 668 conten-

214 686 372 734 tionem,
392 685 736 737 amplificationem.
766 687 900 724 Sermo
918 692 973 723 est
986 685 1104 722 oratio
1116 683 1285 731 remissa,
1301 690 1340 721 et

216 739 380 778 finitima
411 739 641 792 quotidianae
670 740 852 778 locutioni
867 754 878 778 ε
920 738 1109 778 contentio
1137 745 1194 776 oet
1220 737 1339 775 oratio

216 794 324 841 10115,
344 802 382 832 et
399 794 448 832 ad
467 794 770 833 confirmandum
788 801 825 832 et
839 794 887 832 ad
901 792 1176 832 confutandum
1191 804 1339 830 accom-

216 848 394 886 modata:
424 848 667 900 amplificatio
690 856 746 886 εει
769 848 900 895 oratio,
924 861 1012 898 quae
1034 854 1102 885 aut
1125 847 1167 884 in
1190 846 1340 884 iracun-

217 902 321 940 diam
338 902 498 951 inducit,
524 910 592 940 aut
616 903 664 940 ad
688 902 982 940 misericordiam
1005 901 1136 950 trahit,
1158 899 1341 939 auditoris

218 957 403 994 animum.
444 958 577 995 Sermo
600 956 812 995 dividitur
801 969 842 994 m
866 963 990 1008 partes
1012 963 1189 1007 quatuor,
1215 953 1340 1006 digni-

218 1018 350 1058 tatem,
386 1010 758 1058 demonstrationem,
796 1010 1063 1058 narrationem,
1097 1008 1339 1070 jocationem.

219 1064 399 1125 Dignitas
418 1072 473 1102 est
490 1065 608 1102 oratio
627 1077 715 1102 cum
734 1065 864 1116 aliqua
881 1064 1077 1125 gravitate,
1101 1070 1139 1101 et
1160 1063 1260 1101 vocis
1280 1075 1340 1100 re-

219 1119 419 1156 missione.
447 1118 715 1157 demonstratio
734 1127 789 1156 est
806 1119 939 1178 oratio,
959 1131 1046 1169 quae
1063 1117 1171 1155 dooet
1184 1116 1341 1155 remissa

220 1185 322 1221 voce,
344 1172 535 1224 quomodo
560 1173 653 1224 quid
674 1172 756 1211 fieri
772 1172 950 1224 potuerit,
970 1179 1038 1209 aut
1054 1184 1132 1210 non
1149 1170 1338 1222 potuerit:

220 1227 384 1264 narratio
399 1234 454 1265 est
466 1239 593 1264 rerum
608 1235 814 1277 gestarum,
827 1234 895 1264 aut
907 1225 1062 1277 perinde
1074 1233 1120 1263 ut
1131 1232 1338 1276 gestarum,

221 1280 430 1332 expositio:
457 1281 595 1330 jocatio
614 1289 668 1318 est
685 1280 817 1328 oratio,
837 1293 924 1332 quae
941 1293 988 1318 ex
1006 1280 1136 1331 aliqua
1156 1292 1197 1317 re
1220 1279 1340 1317 risum

219 1335 427 1386 pudentem
446 1342 483 1372 et
499 1335 694 1372 liberalem
713 1342 836 1386 potest
857 1347 1084 1386 comparare.
1137 1332 1341 1372 Contentio

220 1389 402 1427 dividitur
419 1389 460 1426 in
483 1389 803 1427 continuationem
828 1396 866 1426 et
889 1388 1204 1427 distributionem.
1238 1387 1341 1426 Con-

222 1443 383 1481 tinuatio
402 1450 457 1481 est
474 1443 651 1481 orationis
670 1442 911 1480 enuntiandae
924 1441 1140 1481 acceleratio
1153 1442 1339 1480 clamosa:

221 1497 437 1536 distributio
469 1504 524 1534 est
553 1497 594 1534 in
624 1497 861 1535 contentione
887 1496 1006 1535 oratio
1032 1496 1223 1547 frequens,
1251 1508 1341 1533 cum

221 1551 315 1588 raris
333 1559 370 1588 et
386 1551 563 1589 brevibus
580 1551 800 1599 intervallis,
827 1551 902 1589 3011
926 1551 1200 1589 vociferatione.
1239 1549 1341 1587 Am-

223 1605 402 1655 plificatio
417 1605 597 1642 dividitur
609 1605 650 1642 in
664 1605 958 1643 cohortationem
973 1613 1010 1643 et
1022 1603 1342 1656 conquestionem.

224 1659 445 1697 Cohortatio
469 1668 537 1707 est,
565 1672 664 1710 quae,
691 1658 846 1710 aliquod
872 1667 1068 1710 peccatum
1092 1658 1342 1710 amplificans,

223 1712 435 1751 auditorem
467 1713 516 1750 ad
546 1713 782 1751 iracundiam
817 1712 995 1752 adducit:
1040 1711 1258 1764 conquestio
1289 1718 1344 1749 est

224 1766 357 1814 oratio,
377 1780 478 1818 quae,
497 1767 825 1806 incommodorum
846 1766 1150 1818 amplificatione,
1169 1766 1344 1804 animum

225 1820 406 1858 auditoris
424 1821 472 1858 ad
490 1821 783 1859 misericordiam
799 1821 982 1872 perducit.
1015 1819 1210 1869 Quoniam
1227 1819 1345 1870 igitur

224 1874 427 1913 mollitudo
445 1875 544 1913 vocis
561 1875 601 1912 in
619 1882 693 1913 tres
710 1883 834 1926 partes
851 1875 970 1914 divisa
988 1883 1057 1923 est,
1083 1881 1120 1913 et
1143 1873 1203 1912 hae
1220 1879 1345 1925 partes

224 1927 318 1979 ipsae
334 1928 375 1966 10
393 1936 476 1967 octo
495 1928 586 1966 alias
603 1929 813 1968 distnbutae
834 1936 936 1977 sunt,
956 1943 1044 1981 quae
1061 1929 1246 1979 cujusque
1261 1925 1345 1966 110-

225 1994 297 2020 nea
314 1982 571 2033 pronuntiatio
589 1983 650 2032 sit,
670 1982 1006 2022 demonstrandum
1023 1982 1182 2021 videtur.

282 2035 402 2075 XIV.
429 2037 561 2075 Sermo
578 2049 667 2075 cum
685 2044 741 2075 est
757 2037 798 2075 in
816 2037 1012 2088 dignitaoe,
1031 2036 1153 2088 plenis
1170 2034 1344 2074 faucibus

227 2103 345 2140 quam
359 2090 591 2129 sedatissima
605 2098 641 2128 et
659 2091 936 2142 depressissim‘a
949 2104 1038 2130 voce
1051 2090 1108 2128 uti
1125 2089 1342 2134 conveniet3

228 2144 282 2182 ita
299 2151 440 2191 tamen,
459 2153 504 2183 ut
521 2157 569 2183 ne
582 2147 630 2183 ab
644 2145 806 2183 oratoria
818 2145 1085 2184 consuetudine
1099 2143 1147 2181 ad
1161 2142 1341 2194 tragicam

228 2205 474 2239 transeamus.
511 2199 613 2239 Cum
631 2208 759 2240 autem
778 2206 832 2240 est
848 2200 890 2240 in
907 2198 1235 2248 demonstratione,
1253 2208 1343 2237 voce
