1456 2396
225 99 302 138 124
364 97 540 139 ORAT.
558 98 986 151 'PARTITIONEQ
1017 99 1124 139 CAP.
1144 100 1210 140 30.

223 209 265 247 id
284 222 377 259 asse,
398 209 503 262 quod
521 210 758 250 adversarius
782 211 1029 256 criminetur,
1018 224 1029 234 ·
1059 216 1141 257 aut,
1167 209 1199 248 si
1224 220 1350 260 neque

224 263 273 302 de
294 264 395 302 facto
420 278 547 317 neque
572 266 620 304 de
644 265 736 305 facti
759 265 1014 317 appellatione
1040 263 1186 315 ambigi
1209 269 1349 315 potest,

224 317 279 365 id,
301 318 406 370 quod
424 332 596 370 arguere,
617 333 732 372 neges
750 320 826 358 tale
844 333 936 366 esse,
957 319 1072 371 quale
1084 319 1151 357 ille
1165 317 1287 362 dicat3
1313 324 1351 355 et

223 380 373 411 rectum
392 386 484 420 esse,
505 374 610 426 quod
627 374 773 421 feceris,
793 373 1139 421 concedendumve,
1155 345 1348 410 defendas.

224 426 289 464 Ita
302 427 452 478 primus
469 428 535 466 ille
553 436 687 476 status,
709 438 746 468 et
764 429 874 480 quasi
893 427 1081 466 conflictio
1105 439 1195 466 cum
1218 426 1351 464 adver-

222 481 335 529 sario,
350 482 567 531 conjectura
578 483 769 535 quadam3
787 483 974 522 secundus
987 490 1118 520 autem
1132 479 1354 519 definitione

224 543 341 587 atque
370 536 635 598 descriptione,
671 545 738 575 aut
766 537 1038 576 informatione
1059 535 1191 581 verbi3
1218 534 1352 573 tertius

224 590 340 641 aequi,
368 598 406 628 et
429 591 523 639 veri,
550 599 587 629 et
611 591 717 639 recti,
747 598 784 630 et
801 591 965 630 humani
983 590 1034 628 ad
1056 589 1349 641 ignoscendum,

225 643 482 705 disputatione
500 645 719 684 tractandus
738 653 804 684 est.
845 646 913 693 Et,
935 645 1118 697 quoniam
1137 656 1286 695 semper
1303 643 1351 691 is,

226 698 296 750 qui
314 699 497 747 defendit,
518 711 596 738 non
615 700 741 738 solum
755 699 902 738 resistat
915 707 1076 751 oportet,
1093 698 1223 750 aliquo
1236 704 1353 746 statu,

226 759 295 790 aut
323 728 543 800 inficiando,
575 762 643 792 aut
675 754 905 801 definiendo,
934 761 1002 792 aut
1031 753 1210 805 aequitaoe
1235 765 1355 804 oppo-

225 807 366 855 nenda,
388 808 454 846 sed
468 808 585 846 etiam
599 808 785 847 rationem
801 808 978 858 subjiciat
991 806 1237 846 recusationis
1251 820 1353 845 suae·
1339 835 1353 853 ‚

225 861 375 922 primus
406 862 472 900 ille
505 870 624 901 status
653 863 840 902 rationem
871 862 987 901 habet
1015 861 1140 913 iniqui
1169 861 1353 909 criminis,

225 915 352 967 ipsam
370 917 613 967 negationem
630 916 981 969 inficiationemque
1002 916 1118 962 facti;
1149 915 1353 977 secundus,

226 971 333 1022 quod
362 983 439 1009 non
470 971 518 1009 sit
543 971 583 1009 in
610 984 664 1019 re,
692 971 797 1023 quod
822 973 871 1010 ab
894 970 1108 1010 adversario
1132 969 1290 1022 ponitur
1312 969 1354 1008 in

226 1026 369 1070 verbo;
400 1025 547 1073 tertius,
576 1025 681 1077 quod
706 1025 747 1064 id
774 1033 874 1065 recte
897 1025 1042 1064 factum
1062 1038 1141 1064 asse
1158 1023 1354 1072 defendat,

227 1078 346 1130 quod,
369 1080 448 1117 sine
466 1080 549 1117 ulla
567 1079 734 1118 nominis
751 1080 1020 1127 controversia,
1039 1079 1187 1118 factum
1200 1078 1354 1116 fatetur.

227 1132 380 1172 Deinde
405 1133 615 1186 unicuique
639 1134 777 1173 rationi
802 1133 1077 1187 opponendum
1102 1141 1158 1172 εει
1175 1134 1225 1172 ab
1244 1145 1356 1171 accu-

226 1195 348 1226 satore
376 1188 432 1236 id,
465 1188 570 1240 quod
598 1189 629 1227 si
658 1201 736 1228 non
769 1197 865 1228 esset
890 1188 933 1226 in
961 1188 1212 1234 accusatione,
1241 1200 1356 1226 causa

225 1242 385 1280 omnino
416 1256 495 1281 esse
525 1255 602 1281 non
632 1241 769 1294 posset.
813 1243 953 1295 Itaque
980 1256 1038 1290 ea,
1067 1256 1156 1295 quae
1181 1242 1235 1281 sic
1258 1241 1356 1280 refe-

226 1304 380 1344 runtur,
404 1297 636 1336 continentia
654 1310 856 1336 causarum
877 1305 1084 1342 vocentur;
1114 1309 1355 1349 quamquam

224 1363 303 1388 non
323 1364 367 1389 ea
385 1351 523 1402 magis,
545 1365 632 1404 quae
654 1360 786 1391 contra
809 1352 996 1390 rationem
1016 1351 1245 1390 defensionis
1263 1350 1355 1389 affe-

225 1412 378 1454 runtur,
413 1419 533 1457 quam
564 1407 657 1458 ipsae
688 1406 917 1445 defensionis
949 1405 1128 1454 rationoe,
1159 1405 1356 1444 continent
1426 1391 1432 1421 ³

226 1472 369 1498 causas.
411 1451 501 1507 Sed,
530 1461 791 1512 distinguendi
817 1461 955 1512 gratia,
975 1460 1163 1499 rationem
1185 1459 1356 1511 appella-

225 1526 314 1551 mus
337 1527 436 1562 eam,
454 1529 560 1576 quae
577 1515 734 1553 affertur
759 1517 808 1554 ab
834 1528 898 1554 reo
924 1515 974 1553 ad
997 1514 1269 1562 recusandum,
1289 1513 1356 1552 de-

224 1568 393 1618 pellendi
412 1569 581 1607 criminis
601 1583 740 1615 causa3
772 1583 860 1621 quae
885 1569 958 1607 nisi
981 1575 1091 1616 asset,
1111 1568 1207 1620 quid
1225 1567 1356 1606 defen-

225 1622 344 1669 deret,
366 1636 442 1661 non
463 1623 643 1662 haberet:
672 1623 959 1661 firmamentum
978 1630 1122 1670 autem,
1143 1622 1248 1675 quod
1266 1635 1357 1661 con-

225 1684 298 1725 tra,
326 1677 375 1714 ad
400 1678 707 1716 labefactandam
734 1678 936 1726 rationem,
965 1676 1141 1726 refertur,
1170 1676 1253 1715 sine
1278 1686 1356 1729 quo
1427 1683 1430 1687 '

226 1731 417 1770 accusatio
437 1740 535 1770 stare
555 1744 632 1770 non
651 1739 787 1783 potest.

280 1785 421 1824 XXX.
451 1786 516 1824 Ex
551 1786 707 1824 rationis
729 1794 861 1825 autem
879 1794 918 1825 et
936 1799 984 1825 ex
1006 1785 1241 1824 firmamenti
1264 1798 1357 1825 con-

224 1838 406 1888 flictione,
435 1847 472 1878 et
499 1840 609 1892 quasi
637 1853 837 1889 concursu,
865 1840 1026 1893 quaestio
1053 1840 1224 1879 exoritur
1249 1853 1356 1892 quae-

224 1893 338 1955 dam,
353 1907 471 1946 quam
498 1894 811 1946 disceptationem
835 1908 953 1939 voco·
983 1895 1024 1932 ιιι
1051 1895 1145 1946 qua,
1171 1894 1267 1946 quid
1292 1907 1357 1934 ve·
1420 1907 1424 1945 ζ

226 1948 309 1986 niat
327 1947 368 1986 in
384 1948 591 1998 judicium,
613 1957 651 1988 et
669 1949 716 1987 de
736 1962 813 2001 quo
831 1949 1076 2000 disceptetur,
1097 1948 1218 2000 quaeri
1236 1949 1353 1987 solet.

224 2015 318 2040 nam
336 2003 463 2064 prima
488 2003 791 2041 adversariorum
816 2003 1008 2042 contentio
1032 2002 1215 2041 diffusam
1239 2002 1358 2042 habet

226 2057 506 2108 quaestionem3
543 2065 587 2095 ut
613 2057 655 2095 ιιι
683 2058 916 2108 conjectura,
945 2057 1149 2109 Ceperitne
1174 2057 1356 2108 pecunias

226 2110 371 2150 Decius
383 2113 401 2150 ‚⁹
425 2112 466 2149 in
485 2111 720 2158 definitione,
743 2111 982 2150 Minueritne
995 2112 1236 2160 majestatem
1252 2111 1356 2150 Nor-

225 2167 349 2204 banus
363 2168 381 2204 ?
406 2165 447 2203 in
468 2166 660 2218 aequitate,
680 2166 709 2204 J
713 2179 830 2205 urene
844 2165 1023 2205 occiderit
1035 2165 1219 2217 Opimius
1235 2165 1357 2204 Grac-
1422 2189 1428 2196 ·

225 2219 344 2258 chum
359 2222 377 2258 ?
408 2220 520 2270 Haec,
542 2233 630 2272 quae
654 2220 821 2272 primam
844 2220 1127 2261 contentionem
1146 2219 1289 2259 habent
1308 2232 1357 2260 ex
1414 2246 1427 2259 -2
