1456 2396
222 83 300 122 292
352 78 835 121 ACADEMICORUM
855 80 954 120 Lm.
971 80 1032 122 ΙΙ.
1052 81 1157 121 cir.
1173 82 1211 127 7.

222 190 336 238 flexo,
356 196 423 227 aut
441 188 489 227 de
506 189 602 227 collo
617 189 817 238 columbae,
833 189 1081 240 respondeam
1098 204 1109 228 =
1138 201 1217 228 non
1231 188 1333 228 enim

220 244 253 282 is
273 256 373 291 sum,
395 243 477 294 qui,
497 242 687 294 quidquid
704 243 865 290 videtur,
885 244 961 282 tale
979 244 1103 282 dicam
1116 257 1208 293 oese,
1221 243 1336 295 quale

222 297 407 335 videatur.
436 297 628 348 Epicurus
646 297 718 336 hoc
737 297 885 344 viderit,
906 305 944 336 et
971 298 1097 335 multa
1117 297 1203 336 alia.
1240 297 1336 335 Meo

222 358 354 389 autem
370 350 529 400 judicio,
548 351 603 389 ita
621 359 676 389 est
693 352 866 389 maxima
883 351 923 389 in
943 351 1114 390 sensibus
1133 351 1283 398 veritas,
1303 351 1335 389 si

222 412 260 443 et
279 404 360 442 sani
379 412 468 442 sunt
494 414 532 443 et
556 405 737 453 valentes,
765 412 803 443 et
828 405 959 443 omnia
981 413 1223 443 removentur
1247 418 1336 456 quae

220 460 374 497 obstant
393 466 431 496 et
448 458 675 510 impediunt.
707 459 845 511 Itaque
870 466 908 497 et
924 459 1058 497 lumen
1076 458 1218 497 mutari
1236 471 1336 509 saepe

221 513 415 560 volumus,
445 520 482 550 et
509 512 602 551 situs
630 525 762 551 earum
787 526 915 551 rerum
942 526 1037 564 quas
1061 512 1270 560 intuemur,
1299 520 1337 550 et

221 566 346 605 interv
348 567 424 608 alla
435 575 502 608 aut
514 567 784 615 contrahimus,
799 574 865 604 aut
877 566 1118 605 diducimus.
1138 567 1338 618 multaque

220 619 383 658 facimus
407 634 531 676 usque
550 634 607 669 eo,
628 621 722 658 dum
750 621 948 682 adspectus
972 621 1054 672 ipse
1082 620 1198 658 fidem
1223 619 1338 658 faciat

220 674 282 712 sui
304 675 462 724 judicii:
494 675 598 727 quod
622 675 725 713 idem
751 675 795 712 fit
820 675 861 712 in
886 675 1055 736 vocibus,
1075 674 1116 712 in
1142 673 1269 722 odore,
1294 674 1335 711 in

221 742 379 791 sapore3
409 739 453 770 ut
480 742 594 769 nemo
622 729 670 766 sit
695 731 881 775 nostrum,
912 729 980 780 qui
1006 728 1046 765 in
1076 727 1246 766 sensibus
1275 727 1336 765 sui

220 783 409 835 cujusque
427 783 573 837 generis
589 782 777 832 judicium
797 782 965 834 requirat
983 781 1116 820 acrius.
1144 781 1337 819 Adhibita

220 849 311 876 vero
329 838 594 878 exercitatione
613 844 650 875 et
668 844 762 883 arte,
775 844 819 874 ut
837 836 937 874 oculi
955 835 1104 887 pictura
1121 842 1335 896 teneantur,

221 898 260 928 et
286 904 394 932 aures
420 893 607 937 cantibus,
629 890 714 942 quis
740 898 808 935 est,
829 890 923 941 quin
949 897 1090 950 cernat,
1111 897 1256 951 quanta
1280 889 1337 928 vis

221 944 271 982 sit
288 944 329 982 in
348 947 550 986 sensibus?
581 944 713 992 Quam
732 944 856 981 multa
874 944 1005 982 vident
1016 943 1176 994 pictores
1194 943 1235 980 in
1248 955 1337 980 urn-

222 998 301 1036 bris
327 1008 364 1038 et
381 1001 422 1038 in
442 998 663 1045 eminentia,
684 1011 771 1049 quae
798 1010 867 1035 nos
891 1010 969 1035 non
988 997 1186 1035 videmus!
1218 1010 1337 1049 quam

220 1053 360 1102 multa,
381 1068 468 1106 quae
493 1067 562 1092 nos
587 1051 743 1102 fugiunt
767 1051 807 1088 ιιι
832 1059 962 1099 cantu,
990 1051 1235 1089 exaudiunt
1225 1063 1266 1088 m
1291 1063 1337 1089 eo

220 1119 358 1156 genere
377 1107 595 1146 exercitati!
628 1105 696 1156 qui
714 1105 839 1156 primo
857 1104 992 1142 inflatu
1011 1105 1175 1142 tibicinis
1193 1105 1336 1143 Antio-

219 1173 312 1211 pam
332 1174 410 1200 esse
429 1161 551 1208 aiunt,
573 1169 639 1198 aut
658 1158 989 1207 Andromacham,
1010 1171 1099 1196 cum
1124 1158 1165 1196 id
1190 1171 1259 1197 nos
1284 1171 1333 1198 ne

220 1215 458 1265 suspicemur
477 1215 645 1266 quidem.
686 1212 800 1250 Nihil
818 1225 967 1251 necesse
986 1220 1041 1250 est
1060 1211 1108 1250 de
1125 1220 1280 1263 gustatu
1300 1220 1338 1251 et

219 1268 379 1307 odoratu
404 1269 537 1321 loqui;
567 1269 607 1306 ιιι
633 1266 774 1319 quibus
799 1266 1064 1317 intelligentia,
1091 1266 1161 1304 etsi
1187 1266 1335 1316 vitiosa,

219 1329 277 1360 est
289 1323 482 1374 *quaedam
510 1331 651 1361 tamen.
681 1320 789 1368 Quid
814 1320 862 1359 de
887 1327 1005 1369 tactu,
1030 1328 1068 1358 et
1093 1333 1137 1359 eo
1162 1320 1335 1371 quidem,

219 1389 338 1426 quem
357 1377 574 1428 philosophi
601 1375 818 1413 interiorem
844 1382 993 1421 vocant,
1015 1381 1082 1412 aut
1106 1374 1246 1413 doloris
1268 1382 1336 1413 aut

219 1431 451 1481 voluptatis.
443 1441 457 1458 ι
486 1431 527 1468 ιιι
553 1443 630 1482 quo
658 1428 858 1480 Cyrenaici
884 1429 963 1467 solo
988 1436 1127 1489 putant
1153 1428 1232 1466 veri
1258 1441 1337 1467 esse

216 1484 422 1546 judicium,
443 1485 534 1536 quia
552 1483 745 1523 sentiatur.
786 1483 965 1521 Potestne
988 1482 1107 1533 igitur
1131 1482 1337 1544 quisquam

218 1537 355 1577 dicere.
382 1539 480 1577 inter
505 1551 594 1577 eum
631 1537 699 1598 qui
724 1537 862 1584 doleat,
890 1544 927 1575 et
951 1537 1050 1574 inter
1076 1548 1167 1574 eum
1199 1536 1277 1597 qui·
1294 1536 1335 1574 ιιι

219 1592 416 1644 voluptate
447 1593 508 1641 sit,
541 1592 639 1630 nihil
667 1591 876 1630 interesse?
905 1598 986 1639 aut,
1011 1590 1067 1628 ita
1090 1590 1159 1642 qui
1183 1589 1334 1639 sentiat,

219 1657 298 1683 non
328 1647 564 1698 apertissime
592 1645 786 1683 insaniat?
815 1644 944 1696 Atqui
971 1645 1102 1696 qualia
1126 1652 1216 1682 sunt
1239 1643 1334 1693 haec,

219 1712 308 1750 quae
333 1701 503 1739 sensibus
530 1699 674 1752 percipi
699 1699 889 1745 dicimus;
919 1698 1011 1737 talia
1035 1705 1248 1750 sequuntur
1276 1711 1333 1746 ea,

219 1766 307 1804 quae
324 1767 402 1792 non
422 1754 620 1793 sensibus
611 1753 702 1805 ipsis
715 1752 859 1804 percipi
877 1752 1070 1800 dicuntur,
1086 1751 1152 1790 sed
1166 1752 1335 1804 quodam

218 1807 336 1846 modo
350 1808 546 1854 sensibus3
576 1816 621 1846 ut
634 1807 742 1845 haec·
775 1806 881 1844 Illud
895 1814 951 1844 est
961 1806 1109 1853 album,
1124 1806 1196 1844 hoc
1209 1805 1335 1854 dulce,

219 1873 403 1900 canorum
422 1862 534 1910 illud,
549 1862 621 1900 hoc
638 1863 736 1899 bene
753 1861 872 1908 olens,
884 1860 956 1898 hoc
967 1873 1157 1911 asperum.
1186 1860 1336 1898 Animo

215 1915 299 1964 jam
317 1916 399 1954 haec
417 1923 591 1954 tenemus
617 1915 902 1966 comprehensa,
929 1926 1007 1952 non
1033 1914 1215 1952 sensibus.
1260 1913 1336 1952 Ille

219 1969 396 2021 deinceps
415 1983 536 2021 equus
555 1977 623 2017 est,
643 1970 709 2007 ille
734 1969 848 2007 canis.
890 1968 1037 2007 Caetera
1060 1968 1172 2006 series
1199 1967 1337 2007 deinde

218 2023 406 2075 sequitur,
425 2025 572 2073 majora
596 2032 763 2071 nectens,
782 2031 827 2061 ut
844 2023 939 2070 haec,
960 2035 1047 2073 quae
1071 2021 1181 2073 quasi
1205 2022 1335 2073 exple-

217 2083 300 2115 tam
318 2090 446 2116 rerum
461 2077 836 2129 comprehensionem
843 2076 1145 2138 amplectuntur,
1162 2075 1204 2114 Si
1217 2075 1334 2114 homo

219 2138 289 2178 est,
319 2131 463 2170 animal
493 2140 548 2170 est
575 2131 751 2178 mortale,
781 2130 938 2169 rationis
961 2130 1161 2181 particeps.
1197 2128 1289 2177 Quo
1314 2142 1335 2168 e

217 2196 354 2236 genere
372 2185 481 2226 nobis
499 2185 644 2225 notitiae
661 2197 790 2224 rerum
813 2184 1117 2237 imprimuntur:
1148 2183 1228 2223 sine
1247 2182 1334 2235 qui-
