1456 2396
171 74 252 114 264
399 73 580 116 EPIST.
609 75 694 115 AD
721 75 1077 117 VARRONEM.

178 196 268 223 rum
305 185 525 238 amorisque
562 186 696 236 nostri,
728 200 807 244 ‘1¹¹9
833 199 986 240 possem
1012 185 1213 225 literarum
1239 198 1307 238 ge-

176 272 281 310 nere,
302 260 547 300 declararem.
593 261 685 301 Feci
712 262 832 314 igitur
859 274 1075 302 sermonem
1106 261 1206 300 inter
1234 273 1305 301 nos

177 334 357 374 habitum
389 335 430 374 in
463 336 657 387 Cumano,
689 350 779 376 cum
812 346 909 376 esset
940 337 1020 376 uni
1051 336 1305 390 Pomponius.

179 410 275 449 Tibi
293 410 381 449 dedi
399 422 526 463 partes
544 412 814 461 Antiochinas,
839 427 934 466 quas
954 427 977 452 a
1002 423 1041 451 te
1066 412 1221 465 probari
1245 413 1305 450 in-

177 485 370 524 tellexisse
387 486 486 524 mihi
505 486 684 526 videbare
715 489 813 527 mshi
833 488 954 527 sumsi
974 487 1162 527 Philonis.
1203 476 1308 526 Puto

182 558 278 609 fore,
296 568 355 609 ut,
370 573 460 599 cum
478 561 628 613 legeris,
648 563 786 602 mirere
805 563 846 601 id
864 576 934 602 nos
952 563 1099 602 locutos
1118 575 1198 601 oese
1210 562 1312 600 inter

178 648 262 685 nos,
284 637 390 689 quod
403 650 607 690 nunquam
625 639 743 677 locuti
762 651 896 677 sumus
913 653 923 677 τ
955 638 1021 676 sed
1040 637 1141 676 nbsti
1159 649 1308 675 morem

179 709 434 763 dialogorum.
466 712 642 751 Posthaec
660 721 806 762 autem,
826 712 883 750 mi
903 712 1044 761 Varro,
1072 724 1193 764 quam
1219 711 1309 763 plu-

183 786 298 836 rima,
322 787 355 825 si
383 787 589 838 videbitur,
609 796 648 828 et
676 789 724 828 de
748 789 874 838 nobis,
906 795 944 827 et
971 788 1070 826 inter
1098 800 1198 834 nos3
1228 799 1311 826 sero

182 862 365 902 fortasse:
396 864 463 903 sed
491 863 731 916 superiorum
757 871 978 916 temporum
1007 862 1163 901 fortuna
1183 861 1313 914 reipu-

183 937 295 976 blicae
309 951 464 977 causam
485 938 668 977 sustinoet
685 952 695 976 :
725 937 808 976 haec
822 937 897 990 ipsi
915 945 1095 990 praestare
1113 937 1312 975 debemus.

185 1015 323 1065 Atque
348 1013 499 1052 utinam
529 1013 667 1066 quietis
694 1013 946 1065 temporibus,
967 1020 1084 1065 atque
1110 1012 1255 1064 aliquo,
1283 1011 1316 1050 si

185 1100 265 1126 non
283 1090 400 1137 bono,
428 1096 468 1127 at
492 1089 629 1127 saltem
656 1096 757 1127 certo
782 1095 884 1127 statu
910 1088 1088 1137 civitatis,
1107 1087 1191 1126 haec
1215 1087 1316 1126 inter

186 1176 256 1203 nos
277 1164 404 1203 studia
423 1177 597 1204 exercere
614 1164 839 1217 possemus!
870 1176 1113 1217 quamquam
1131 1170 1217 1202 tum
1229 1163 1317 1216 qui-

185 1239 275 1278 dem
304 1239 364 1278 vel
392 1239 478 1278 aliae
505 1240 701 1292 quaepiam
733 1240 898 1279 rationes
925 1240 1104 1279 honestas
1134 1239 1246 1279 nobis
1277 1245 1316 1278 et

185 1327 295 1354 curas
314 1322 352 1354 et
366 1315 532 1355 actiones
551 1315 696 1355 darent.
741 1316 861 1356 Nunc
879 1323 1011 1355 autem
1030 1315 1126 1369 quid
1145 1322 1215 1365 est,
1235 1314 1318 1354 sine

185 1391 246 1431 his
276 1405 345 1431 cur
377 1391 504 1431 vivere
535 1391 730 1431 velimus?
760 1391 868 1431 Mihi
896 1404 987 1431 vero
1015 1404 1107 1431 cum
1133 1391 1195 1431 his
1223 1391 1318 1445 ipsis

189 1466 285 1514 vix3
315 1466 894 1516 hisautemdetractis‚nevix
920 1466 1092 1519 quidem.
1140 1467 1319 1507 Sedhaec

189 1555 334 1593 coram,
351 1549 388 1582 et
407 1542 558 1595 saepius.
601 1541 880 1596 Migrationem
906 1550 944 1582 et
971 1543 1177 1583 emtionem
1198 1543 1318 1583 felici-

191 1626 249 1657 ter
269 1619 419 1658 evenire
444 1620 545 1669 volo,
562 1628 754 1674 tuumque
772 1620 814 1660 in
832 1620 879 1661 ὠ,
902 1633 944 1661 re
962 1620 1164 1661 eonsilium
1182 1622 1316 1674 probo.

191 1694 296 1734 Cura
314 1702 359 1734 ut
377 1695 515 1734 valeas.
