1456 2396
213 51 700 93 ACADEMICORUM
713 52 814 92 LIB.
829 52 888 92 ΙΙ.
905 52 966 92 CA
973 63 1011 92 P.
1025 53 1091 92 36.
1139 53 1221 92 333

93 174 169 210 cas,
185 169 222 200 et
239 162 506 214 plenissimum
524 162 771 208 temeritatis;
801 169 956 201 tantum
969 162 1040 201 tibi
1053 174 1219 213 arroges,

96 224 140 254 ut
172 229 339 268 exponas
371 217 613 268 disciplinam
643 217 852 268 sapientiae,
882 224 1061 255 naturam
1093 229 1224 254 rerum

93 271 269 308 omnium
288 271 452 319 evolvas,
473 284 596 308 mores
615 271 751 321 fingas,
772 271 866 310 fines
890 273 1081 310 bonorum
1099 271 1224 308 malo-

94 337 260 376 rumque
279 325 499 369 constituas,
521 325 644 363 officia
662 325 864 372 describas,
885 338 1000 377 quam
1023 325 1143 363 vitam
1162 325 1222 361 in-

93 378 258 429 grediar,
279 379 462 417 definias:
493 379 674 430 idemque
689 379 804 417 etiam
824 379 1045 431 disputandi
1060 387 1097 417 et
1108 379 1222 416 intel-

91 432 238 483 ligendi
263 433 455 483 judicium
482 433 585 471 dicas
611 441 648 471 te
667 441 704 471 et
730 433 934 471 artificium
962 433 1192 472 traditurum
1208 448 1220 470 ι

92 486 278 538 perficies,
294 495 339 525 ut
353 501 437 539 ego,
453 488 525 525 ista
536 487 833 525 innumerabilia
847 489 1113 540 complectens,
1131 501 1222 525 nus-

93 554 213 593 quam
231 542 371 580 labar?
402 542 500 580 nihil
519 542 683 593 opiner?
714 555 801 593 quae
827 542 983 580 tandem
1007 555 1051 580 ea
1070 551 1124 581 est
1144 543 1222 580 dis-

89 596 245 647 ciplina,
267 596 316 634 ad
335 610 455 649 quam
474 610 537 634 me
551 596 729 643 deducas,
747 596 779 633 si
797 597 846 634 ab
865 597 937 634 hac
956 597 1183 635 abstraxeris
1197 599 1216 635 ⁶?

89 650 250 698 Vereor,
285 664 333 689 ne
366 652 658 702 subarroganter
690 651 820 697 facias,
856 651 887 688 si
920 651 1060 689 dixeris
1093 659 1216 689 tuam.

87 704 216 756 Atqui
234 706 288 743 ita
307 705 423 754 dicas,
440 718 587 744 necesse
603 713 670 743 est.
701 706 842 757 Neque
858 717 946 743 vero
961 713 1004 743 tu
1020 706 1135 754 solus,
1152 705 1219 744 sed

86 771 150 797 me
170 758 218 797 ad
238 773 348 798 suam
368 760 532 812 quisque
550 760 683 811 rapiet.

141 813 246 865 Age,
267 814 436 853 restitero
457 814 732 866 Peripateticis,
755 813 823 866 qui
842 814 915 853 sibi
940 827 1027 853 cum
1056 814 1216 853 oratori-

85 869 159 906 bus
178 869 445 919 cognationem
465 882 556 915 esse,
579 869 647 921 qui
672 870 791 907 claros
811 869 923 916 viros,
945 883 968 907 a
987 882 1027 907 se
1052 869 1217 907 instruc-

83 929 157 970 tos,
189 922 332 971 dicant,
363 924 643 975 rempublicam
674 937 774 975 saepe
804 924 968 962 rexisse:
1000 924 1216 962 sustinuero

85 976 311 1028 Epicureos,
333 985 390 1016 tot
407 991 513 1017 meos
527 978 748 1024 familiares,
769 987 850 1016 tam
869 980 1003 1025 bonos,
1020 986 1101 1016 tam
1116 979 1216 1016 inter

85 1044 124 1070 se
136 1040 310 1070 amantes
322 1032 420 1072 idros
435 1048 445 1072 ι
468 1032 638 1072 Diodoto
653 1032 748 1085 quid
759 1033 898 1072 faciam
915 1033 1042 1071 St0'1‘co
1057 1035 1074 1071 ἓ
1095 1045 1214 1084 quem

83 1099 108 1124 a
125 1099 244 1137 puero
263 1086 418 1135 audivi3
449 1087 517 1139 qui
531 1100 686 1126 mecum
702 1087 796 1126 vivit
815 1096 870 1126 tot
885 1100 1030 1133 annos3
1061 1088 1129 1139 qui
1144 1087 1215 1125 ha-

82 1140 179 1179 bitat
198 1141 304 1193 apud
317 1154 381 1180 me
397 1156 409 1188 ;
441 1155 558 1194 quem
578 1150 615 1180 et
634 1142 802 1180 admiror
822 1150 859 1180 et
878 1142 1023 1193 dihg03
1054 1142 1122 1193 qui
1141 1142 1214 1180 ista

80 1195 300 1234 Antiochea
311 1196 532 1235 contemnit.
564 1197 722 1243 Nostra,
738 1197 903 1248 inquieS,
918 1197 997 1234 sola
1009 1209 1097 1234 vera
1109 1204 1212 1234 sunt.

82 1249 196 1288 Certe
215 1251 309 1299 sola,
330 1251 362 1289 si
380 1265 493 1290 vera:
523 1251 637 1303 plura
649 1251 753 1290 enim
766 1265 854 1289 vera
866 1251 1119 1303 discrepantia
1133 1264 1213 1289 esse

80 1317 159 1342 non
179 1313 350 1356 possunt.
380 1306 526 1345 Utrum
545 1306 664 1358 igitur
682 1318 751 1344 nos
770 1305 1027 1357 impudentes,
1044 1305 1113 1357 qui
1131 1306 1211 1343 labi

79 1359 289 1406 nolumus3
321 1373 370 1398 an
398 1361 457 1398 illi
485 1368 717 1412 arrogantes,
746 1360 814 1412 qui
842 1360 914 1398 sibi
939 1359 1210 1422 persuaserint,

78 1413 172 1452 scire
193 1427 232 1452 se
250 1415 348 1453 solos
374 1415 537 1454 omnia?
567 1415 661 1453 Non
686 1427 750 1453 me
776 1414 949 1475 quidem,
976 1414 1117 1466 inquit,
1145 1414 1212 1452 sed

75 1469 304 1519 sapientem,
319 1469 403 1508 dico
417 1469 521 1508 scire.
552 1469 738 1521 Optime.
761 1481 900 1520 nempe
912 1468 985 1506 ista
999 1469 1106 1515 scire,
1121 1482 1210 1520 quae

76 1530 166 1560 sunt
184 1523 224 1561 in
245 1523 313 1561 tua
332 1523 525 1576 disciplin
511 1540 546 1562 ι.
577 1524 665 1562 Hoc
677 1523 849 1575 primum
870 1523 984 1574 quale
1003 1531 1073 1570 est,
1090 1536 1113 1560 a
1131 1535 1210 1562 non

76 1577 246 1629 sapiente
283 1578 467 1630 explicari
504 1578 729 1630 sapientiam
746 1580 763 1616 Ρ
802 1577 879 1617 Sed
907 1577 1148 1616 discedamus
1185 1591 1209 1616 a

75 1632 383 1684 nobismetipsis:
415 1633 462 1671 de
493 1633 663 1685 sapiente
692 1633 924 1684 loquamur;
960 1632 1008 1671 de
1038 1645 1116 1684 quo
1147 1635 1209 1676 (ut

75 1699 175 1738 saepe
190 1687 274 1737 jam
293 1687 392 1735 dixi)
412 1688 539 1726 omnis
558 1688 640 1727 haec
659 1687 820 1739 quaestio
840 1694 907 1725 est.

126 1741 176 1780 In
196 1749 270 1780 tres
288 1741 406 1794 igitur
425 1750 566 1795 partes,
587 1750 624 1781 et
643 1755 666 1780 a
684 1741 877 1794 plerisque
890 1748 928 1780 et
952 1755 975 1780 a
993 1741 1204 1780 nobismet-

74 1795 180 1847 ipsis,
201 1796 405 1835 distributa
424 1797 610 1849 sapientia
629 1804 696 1835 est.
743 1796 923 1834 Primum
943 1809 1047 1847 ergo,
1073 1797 1103 1834 si
1121 1797 1207 1848 pla-

73 1858 146 1898 cet,
167 1864 255 1903 quae
281 1851 328 1890 de
348 1853 486 1891 natura
512 1865 641 1890 rerum
661 1858 751 1889 sunt
777 1852 951 1903 quaesita,
979 1850 1204 1896 videamus;

75 1903 222 1957 [velut]
244 1905 342 1944 illud
360 1914 460 1945 ante.
490 1906 613 1945 Estne
628 1906 835 1958 quisquam
854 1913 961 1943 tanto
976 1905 1132 1944 inflatus
1147 1919 1206 1943 er-

70 1972 169 2007 rore,
185 1967 230 1997 ut
249 1959 322 1999 sibi
340 1974 379 1999 se
396 1961 465 1999 illa
477 1961 570 2000 scire
588 1960 848 2013 persuaserit?
878 1960 973 1998 Non
993 1973 1123 2011 quaero
1142 1973 1205 1998 ra-

70 2013 191 2052 tiones
211 2027 272 2052 eas
292 2028 380 2066 quae
398 2029 446 2054 ex
465 2015 684 2066 conjectura
697 2014 891 2067 pendent3
923 2027 1010 2066 quae
1029 2013 1203 2065 disputa-

69 2068 238 2108 tionibus
256 2069 333 2108 huc
352 2077 389 2108 et
407 2070 500 2109 illuc
518 2078 553 2109 tr
605 2077 738 2118 untur,
754 2069 906 2107 nullam
921 2068 1104 2106 adhibent
1115 2081 1203 2120 per-

66 2122 254 2161 suadendi
273 2124 545 2163 necessitatem.
618 2131 795 2163 eometrae
812 2122 1052 2175 provideant,
1073 2123 1142 2174 qui
1161 2136 1202 2162 se

64 2177 294 2229 profitentur
312 2191 390 2218 non
409 2192 522 2232 pei-su
575 2192 649 2229 ere,
665 2178 732 2218 sed
749 2191 909 2230 cogere3
931 2184 969 2216 et
984 2176 1053 2230 qui
1066 2177 1201 2217 omnia
