1456 2396
310 115 396 154 AD
415 115 619 155 HEREN
622 115 664 154 N
667 114 796 166 IUM,
811 116 911 156 Lm.
928 115 1005 157 IV.
1022 117 1129 159 CAP.
1144 118 1183 158 6.
1226 119 1307 159 215

190 223 318 263 tuerit.
345 223 491 263 Allatis
508 224 626 275 igitur
641 225 827 277 exemplis
845 239 869 264 a
886 225 1047 274 Catone,
1067 240 1091 266 a
1110 227 1306 278 Gracchis,

192 292 217 317 a
235 278 372 327 Laelio,
393 293 417 316 a
436 279 626 340 Scipione,
647 279 789 329 Galba,
812 281 988 328 Porcina,
1009 281 1160 330 Crasso,
1180 283 1309 321 Anto·

191 333 270 381 1110,
298 333 538 385 caeterisque3
571 333 665 371 item
692 334 828 372 sumtis
847 334 930 373 aliis
947 349 971 373 a
988 335 1110 387 poe'tis
1136 344 1173 374 et
1190 336 1309 375 histo-

189 387 335 425 riarum
355 387 469 439 scrip
454 388 613 430 toribus
633 400 782 426 necesse
800 388 884 437 erit,
901 402 1004 437 eum,
1022 389 1090 442 qui
1108 390 1237 438 discet,
1258 393 1308 430 ab

189 441 370 480 omnibus
398 450 533 494 putare
557 442 701 503 omnia,
729 444 777 481 ab
797 455 875 481 uno
902 456 1025 494 pauca
1051 444 1117 482 vix
1141 445 1310 496 potuisse

189 495 304 533 sumi.
334 496 480 545 Quare,
501 497 533 534 si
551 496 666 534 unius
684 496 845 546 alicujus
863 510 942 535 esse
966 511 1006 536 se
1030 497 1195 537 similem
1219 499 1310 538 satis

189 549 359 598 habebit,
383 549 568 603 [omnia,]
590 564 677 602 quae
701 563 834 589 omnes
854 550 1074 600 habuerint,
1095 553 1221 591 solum
1238 553 1311 591 ha·

190 605 280 642 bere
298 617 337 642 se
350 618 459 656 posse
477 604 646 643 diffidet:
677 618 766 657 ergo
784 604 921 643 inutile
939 612 996 644 est
1013 606 1061 653 ei,
1082 607 1150 657 qui
1169 606 1311 646 discere

189 659 288 706 vult,
301 671 379 697 non
389 666 525 710 putare
538 672 663 697 unum
673 673 782 711 posse
793 659 935 698 omnia„
958 658 1126 712 [Igitur]
1142 673 1257 700 nemo
1267 662 1310 700 in

189 712 290 751 hanc
307 713 488 752 incideret
504 713 739 765 opinionem,
755 714 788 752 si
799 715 847 753 ab
866 726 945 752 uno
959 715 1137 765 exempla
1154 716 1311 754 sumsis-

190 774 286 806 sent.
327 768 369 806 N
371 781 447 806 unc
470 768 543 806 hoc
561 768 661 819 signi
685 776 754 816 est,
775 769 876 821 ipsos
901 768 991 807 artis
1010 769 1207 820 scriptores
1230 782 1311 808 non

189 821 357 873 putasse,
377 835 501 860 unum
520 822 687 874 potuisse
704 822 746 860 in
764 823 943 862 omnibus
958 822 1178 861 elocutionis
1191 824 1310 875 parti-

190 878 263 915 bus
282 877 436 925 enitere,
457 876 642 929 quoniam
666 889 791 929 neque
816 890 886 916 sua
908 877 1165 929 protulerunt,
1185 890 1312 930 neque

189 931 305 969 unius
324 931 500 981 alicujus,
521 938 589 969 aut
606 931 772 983 denique
785 931 966 980 duorum,
983 931 1049 970 sed
1067 933 1116 970 ab
1130 932 1311 971 omnibus

188 985 402 1024 oratoribus
420 993 458 1024 et
475 986 611 1038 poetiS,
633 986 810 1038 exempla
829 993 1059 1025 sumserunt.
1090 984 1257 1035 Deinde,
1278 986 1310 1025 si

189 1039 276 1091 quis
288 1040 379 1078 velit
391 1047 513 1078 artem
527 1041 786 1079 demonstrare
799 1040 896 1078 nihil
910 1040 1085 1092 prodesse
1099 1040 1149 1078 ad
1163 1040 1313 1079 discen·

187 1094 299 1143 dum,
330 1107 409 1133 non
438 1096 540 1134 male
563 1102 695 1134 utatur
718 1095 791 1133 hoc
816 1095 1053 1145 adjumento,
1080 1094 1185 1146 quod
1208 1108 1312 1134 unus

186 1161 321 1188 omnes
347 1148 439 1187 artis
465 1157 591 1201 partes
618 1149 798 1201 consequi
824 1161 938 1188 nemo
968 1149 1148 1201 potuerit.
1190 1148 1312 1197 Quod

187 1202 307 1254 igitur
321 1204 393 1254 juv
394 1210 433 1241 at
452 1217 584 1242 eorum
602 1204 803 1253 rationem,
823 1204 892 1256 qui
915 1204 1073 1242 omnino
1090 1203 1312 1255 improbant

188 1265 324 1305 artem,
345 1257 400 1305 id,
420 1271 498 1296 non
517 1259 724 1297 ridiculum
744 1266 813 1306 est,
832 1259 962 1309 ipsum
980 1257 1201 1309 scriptorem
1219 1258 1312 1296 artis

189 1325 259 1350 suo
266 1312 412 1362 judicio
423 1314 669 1364 comprobare
683 1315 700 1351 Ρ
729 1312 836 1363 Ergo
847 1313 896 1350 ab
907 1325 986 1350 uno
998 1312 1185 1350 sumenda
1195 1312 1313 1351 fuisse

188 1366 390 1405 docuimus
409 1367 599 1418 exempla,
621 1367 653 1405 si
670 1379 819 1418 semper
837 1366 993 1404 aliunde
1011 1373 1266 1405 sumerentur.

245 1421 323 1459 VI.
354 1421 473 1460 Nunc
491 1421 649 1459 omnino
675 1421 844 1468 aliunde,
871 1420 924 1458 sic
947 1420 1220 1471 intelligemus,
1248 1434 1312 1459 su-

189 1475 331 1514 menda
349 1488 427 1514 non
445 1475 574 1514 fuisse.
617 1475 799 1513 Primum
817 1475 1008 1523 omnium,
1030 1474 1134 1526 quod
1152 1476 1202 1513 ab
1221 1475 1313 1513 artis

189 1531 370 1582 scriptore
400 1529 557 1568 affertur
589 1530 826 1581 exemplum,
860 1529 910 1567 de
944 1529 1117 1578 ejusdem
1152 1528 1313 1568 artificio

189 1585 302 1623 debet
331 1598 435 1631 esse;
479 1596 557 1622 non
584 1592 642 1632 ut,
673 1584 704 1622 si
732 1584 832 1635 quis,
865 1596 1079 1635 purpuram
1107 1591 1174 1621 aut
1204 1583 1313 1622 aliud

190 1638 392 1691 quidpiam
428 1639 610 1687 vendens,
649 1637 763 1686 dicat,
808 1640 837 1660 ‘⁶
866 1639 986 1676 Sume
1022 1651 1046 1676 a
1081 1650 1146 1676 me
1161 1637 1204 1683 ;''
1245 1637 1313 1676 sed

191 1698 221 1716 ‘⁶
242 1694 378 1743 Hujus
403 1694 628 1755 exemplum
653 1692 808 1731 aliunde
833 1694 989 1743 rogabo,
1016 1692 1165 1743 tibique
1187 1698 1313 1730 osten-

189 1748 294 1786 dam.
297 1748 323 1765 ”
363 1748 420 1795 Si,
435 1761 579 1786 merces
597 1748 670 1799 ipsi
689 1747 758 1799 qui
776 1747 988 1794 venditant,
1008 1746 1164 1784 aliunde
1183 1759 1314 1784 exem-

190 1803 303 1864 plum
317 1803 520 1853 quaeritent
533 1802 639 1840 aliud
652 1801 813 1847 mercis;
844 1809 912 1839 aut
923 1801 955 1839 si
968 1814 1118 1839 acervos
1134 1814 1173 1838 se
1184 1800 1312 1838 dicant

190 1857 306 1895 tritici
322 1857 476 1906 habere,
498 1864 535 1896 et
553 1869 685 1895 eorum
705 1856 930 1907 exemplum
948 1868 1080 1907 pugno
1098 1867 1177 1893 non
1195 1853 1314 1893 habe-

191 1918 272 1959 ant,
294 1911 399 1962 quod
422 1911 649 1957 ostendant,
680 1910 712 1949 si
730 1910 1008 1962 Triptolemus,
1030 1922 1120 1947 cum
1143 1908 1313 1947 homini-

190 1967 264 2004 bus
284 1978 413 2004 semen
430 1965 676 2017 largiretur,
665 1978 746 2016 ipse
765 1966 813 2003 ab
833 1964 916 2002 aliis
930 1964 971 2001 id
989 1963 1210 2002 hominibus
1223 1976 1313 2001 mu-

192 2027 392 2065 tuaretur,
381 2034 392 2043 ·
422 2028 490 2058 aut
507 2020 538 2058 si
554 2019 820 2067 Prometheus,
837 2031 926 2057 cum
941 2017 1191 2056 mortalibus
1180 2029 1313 2068 ignem

191 2074 360 2112 dividere
385 2074 543 2122 vellet,
532 2087 613 2125 ipse
631 2087 654 2112 a
681 2073 829 2121 vicinis,
856 2086 947 2111 cum
972 2072 1068 2111 testa
1093 2071 1311 2119 ambulans,

190 2129 441 2167 carbunculos
468 2134 706 2190 corrogaretg
747 2140 825 2165 non
853 2127 1060 2165 ridiculum
1087 2125 1311 2164 videretur?

193 2182 267 2221 Isti
284 2183 473 2234 magistri,
493 2183 670 2220 omnium
696 2181 848 2221 dicendi
872 2188 1134 2233 praeceptores,
1155 2191 1232 2217 non
1257 2179 1313 2216 vi-

192 2237 332 2277 dentur
350 2237 422 2277 sibi
440 2237 598 2277 ridicule
616 2237 752 2286 faeere,
771 2249 861 2275 cum
886 2236 940 2284 id,
961 2235 1066 2286 quod
1090 2234 1175 2274 aliis
1200 2233 1313 2286 polli-
