1456 2396
228 71 405 114 ORAT.
428 70 849 123 PARTITIONES,
880 72 986 112 cin».
1007 73 1073 111 24.
1146 71 1222 111 119

91 189 169 230 tur,
189 181 340 222 silentio
358 181 543 234 praeteriri
559 181 728 231 debebit,
750 181 781 222 si
800 182 917 221 modo
936 182 1032 235 quid
1051 181 1122 221 erit
1140 180 1223 220 ani-

92 236 426 285 madvertendum,
447 245 517 276 aut
535 237 576 274 in
594 237 678 288 ipso
697 250 835 288 genere
859 238 1008 287 mortis,
1030 244 1098 275 aut
1116 236 1157 274 in
1176 236 1224 275 iis

93 292 219 337 rebus,
240 305 328 343 quae
346 299 433 343 post
451 298 616 330 mortem
636 299 749 330 erunt
769 300 992 330 consecutae.

145 344 310 384 XXIV.
339 348 484 383 Filius.
516 346 666 398 Accepi
695 346 783 391 ista,
818 346 1011 398 didicique
1040 345 1221 393 breviter,

90 412 168 438 non
200 401 327 439 solum
357 400 689 452 quemadmodum
719 400 920 439 laudarem
947 401 1127 448 alterum,
1158 400 1224 439 sed

91 454 207 492 etiam
226 455 558 517 quemadmodum
585 455 761 504 eniterer,
790 462 835 493 ut
859 468 1011 517 possem
1037 456 1118 518 ipse
1134 456 1223 505 jure

89 509 252 548 laudari.
301 509 517 548 Videamus
541 510 660 561 igitur
679 510 903 562 deinceps,
893 523 934 548 m
955 510 1144 548 sententia
1163 510 1223 547 di-

89 564 212 602 cenda
225 577 350 626 ‘quam
365 565 469 603 viam
485 571 522 603 et
536 578 625 617 quae
635 574 826 617 praecepta
837 572 1048 603 teneamus.
1082 567 1223 603 Pater.

89 617 163 656 Est
182 618 301 670 igitur
318 619 359 657 in
378 619 625 658 deliberando
645 620 732 658 finis
752 620 912 667 utilitas,
934 619 983 657 ad
1003 632 1120 670 quem
1139 632 1226 657 om-

89 672 156 711 nia
173 673 227 711 ita
246 673 463 712 referuntur
481 674 522 712 in
542 674 698 713 consilio
717 674 859 722 dando,
881 674 1146 725 sententiaque
1166 674 1226 711 di-

89 727 225 777 cenda,
243 735 288 766 ut
298 728 367 766 illa
383 728 511 780 prima
531 729 606 767 sint
625 729 770 767 suasori
788 736 856 767 aut
875 728 1080 767 dissuasori
1092 728 1228 766 viden-

94 781 159 830 da,
181 782 276 834 quid
294 790 363 821 aut
380 784 500 835 possit
518 784 615 832 fieri,
637 791 704 822 aut
722 797 801 822 non
819 783 953 835 possit,
981 790 1018 821 et
1044 782 1139 834 quid
1158 790 1227 821 aut

90 848 241 875 necesse
260 837 323 885 sit,
344 845 413 876 aut
438 851 515 876 non
536 851 698 877 necesse.
748 839 856 876 Nam
877 845 928 886 et,
951 837 982 876 si
1005 837 1100 889 quid
1129 837 1227 875 effici

89 903 168 929 non
187 899 325 943 potest,
346 893 569 932 deliberatio
588 893 751 941 tollitur,
773 893 951 945 quamvis
965 892 1061 930 utile
1076 892 1148 930 sit:
1172 899 1226 941 et,

90 945 123 984 si
141 946 238 998 quid
263 959 413 986 necesse
435 955 504 997 est,
527 951 694 992 (necesse
717 956 849 986 autem
871 947 912 985 id
939 955 1009 994 est,
1038 946 1119 985 sine
1147 960 1227 999 quo

91 1000 187 1039 salvi
212 1001 369 1041 liberive
395 1015 474 1041 esse
502 1015 580 1041 non
608 1010 832 1064 possumus)
852 1002 893 1039 id
922 1010 977 1040 est
1005 1001 1162 1053 reliquis
1189 1008 1227 1039 et

91 1054 384 1095 honestatibus
373 1069 414 1094 111
433 1057 537 1095 civili
555 1058 715 1105 ratione,
745 1065 780 1096 et
807 1057 1034 1103 commodis,
1066 1064 1226 1118 antepo-

90 1110 277 1149 nendum.
308 1111 412 1150 Cum
426 1120 558 1151 autem
577 1113 777 1165 quaeritur,
798 1111 894 1164 quid
912 1112 995 1150 fieri
1014 1111 1146 1163 possit,
1168 1110 1227 1149 vi-

91 1163 265 1203 dendum
296 1167 414 1205 etiam
447 1174 517 1215 est,
551 1180 671 1219 quam
701 1167 813 1205 facile
840 1166 984 1219 possit:
1016 1179 1109 1204 nam
1139 1179 1228 1217 quae

92 1219 333 1270 perdifficilia
359 1229 462 1269 sunt,
483 1222 642 1273 perinde
671 1221 850 1260 habenda
877 1233 977 1273 saepe
1004 1228 1107 1267 sunt,
1129 1233 1172 1259 ac
1195 1220 1227 1258 si

92 1273 191 1313 effici
205 1287 282 1313 non
297 1275 456 1327 possint.
485 1276 554 1324 Et,
569 1290 658 1315 cum
672 1276 719 1315 de
734 1276 954 1315 necessitate
968 1275 1228 1322 attendemus,

94 1329 166 1367 etsi
185 1329 333 1391 aliquid
347 1343 426 1368 non
445 1332 702 1370 necessarium
722 1331 929 1380 videbitur,
943 1329 1154 1368 videndum
1170 1337 1229 1367 ta-

93 1395 186 1421 men
206 1384 290 1433 erit,
312 1398 431 1437 quam
451 1386 498 1424 sit
517 1398 719 1438 magnum.
762 1385 882 1433 Quod
901 1385 1006 1424 enim
1024 1384 1229 1436 permagni

93 1437 263 1487 interoet,
284 1452 355 1490 pro
382 1441 592 1479 necessario
612 1454 711 1493 saepe
729 1440 905 1479 habetur.
955 1440 1109 1491 Itaque,
1138 1451 1230 1477 cum

92 1501 240 1532 constet
259 1493 332 1532 hoc
360 1507 482 1546 genus
509 1509 712 1534 causarum
732 1508 780 1533 ex
800 1495 974 1534 suasione
994 1503 1032 1533 et
1050 1493 1231 1532 dissuasi-

91 1559 190 1593 one;
213 1549 357 1587 suasori
371 1550 599 1602 proponitur
619 1550 785 1602 simplex
803 1549 927 1588 ratio:
950 1549 982 1588 si
1002 1556 1038 1588 et
1057 1549 1153 1587 utile
1173 1555 1230 1587 aet

94 1608 133 1640 et
151 1602 235 1640 fieri
252 1610 391 1655 potest,
415 1605 494 1643 fiat.
542 1604 763 1643 Dissuasori
782 1604 956 1656 duplex.
987 1616 1080 1652 una,
1102 1603 1134 1642 si
1153 1615 1232 1641 non

95 1656 192 1695 utile
217 1664 287 1706 est,
315 1670 365 1697 ne
392 1658 484 1706 fiat3
516 1659 649 1722 altera,
670 1660 702 1698 si
721 1659 804 1698 fieri
822 1671 901 1697 non
919 1666 1058 1710 potest,
1079 1670 1128 1696 ne
1148 1671 1233 1696 sus-

95 1711 271 1774 cipiatur.
320 1712 384 1752 Sic
406 1714 552 1752 suasori
573 1722 784 1767 utrumque
803 1713 1022 1753 docendum
1041 1719 1122 1758 est;
1153 1712 1232 1750 dis-

95 1767 242 1805 suasori
267 1767 434 1806 alterum
456 1769 653 1808 infirmare
676 1777 734 1807 sat
759 1776 826 1808 est.
874 1768 1022 1817 Quare,
1044 1766 1231 1819 quoniam

95 1819 137 1858 in
162 1820 223 1860 his
242 1831 413 1861 versatur
431 1836 548 1862 omne
566 1824 771 1862 consilium
796 1823 962 1871 duobus,
990 1823 1038 1861 de
1064 1822 1232 1860 utilitate

97 1882 187 1914 ante
211 1875 399 1925 dicamus,
428 1891 516 1930 quae
544 1878 586 1916 in
616 1877 873 1918 discernendis
901 1877 1012 1916 bonis
1039 1877 1233 1938 malisque

97 1937 280 1970 versatur.
319 1932 525 1971 Bonorum
556 1939 688 1972 autem
717 1933 861 1985 partim
888 1931 1098 1971 necessaria
1125 1937 1232 1979 sunt,

97 1990 144 2022 ut
169 1984 261 2035 vita,
288 1986 487 2037 pudicitia,
507 1987 676 2037 libertas,
697 1995 743 2026 ut
767 1987 892 2035 liberi,
920 1988 1117 2037 conjuges,
1145 1998 1232 2037 ger-

100 2039 222 2089 mani,
255 2048 457 2092 parentes:
494 2042 638 2094 partim
673 2055 753 2081 non
790 2041 1025 2087 necessaria;
1063 2052 1232 2101 quorum

101 2092 178 2131 alia
204 2102 295 2133 sunt
318 2108 387 2147 per
413 2109 452 2135 se
477 2097 705 2149 expetenda,
731 2104 777 2135 ut
803 2110 862 2146 ea,
883 2110 971 2148 quae
990 2096 1063 2134 sita
1081 2102 1171 2133 sunt
1189 2094 1232 2131 in

101 2146 235 2187 officiis
248 2156 366 2202 atque
378 2150 612 2198 virtutibus;
642 2152 732 2200 alia,
748 2151 854 2203 quod
871 2150 1021 2203 aliquid
1039 2146 1234 2188 commodi

103 2201 289 2255 efficiunt,
309 2211 355 2244 ut
372 2217 465 2260 opes
479 2213 518 2246 et
531 2205 663 2260 oopiae.
692 2206 845 2247 Eorum
858 2212 1004 2257 autem,
1020 2217 1109 2258 quae
1119 2216 1235 2256 prop-
