1456 2396
108 82 110 85 ’
140 81 227 122 388
324 81 404 124 DE
435 82 690 134 FINIBUS,
720 83 823 124 111⁸.
845 83 905 125 11.
936 82 1046 124 CAP.
1067 85 1108 125 9.

200 194 230 215 “
243 190 283 232 Ο
297 191 469 245 lapathe‚
484 200 531 232 ιιι
544 194 689 244 jactere
702 205 854 234 necesse
871 201 943 243 est,
959 192 1132 246 cognitu’
1147 191 1211 233 cui
1224 191 1290 233 sis.

201 245 252 284 In
272 261 351 299 quo
371 247 512 287 Laeliu'
532 249 717 288 clamores
735 249 875 302 sophos
893 249 960 288 ine
978 249 1126 288 solebat

201 300 344 351 Edere,
365 303 603 356 compellans
621 303 775 356 gumias
793 317 842 343 ex
862 303 997 344 ordine
1014 302 1207 342 nostroe”

148 390 340 430 Praeclare
361 391 508 432 Laelius
528 401 566 432 et
584 400 684 432 recte
701 394 868 446 sophon
897 392 1076 446 illudque
1094 405 1207 432 vere.

204 483 234 504 “
250 479 289 520 Ο
317 481 452 530 Publi,
485 495 508 521 ο
535 495 689 536 gurges,
720 482 906 523 Galloni!
943 495 983 522 es
1010 481 1130 521 homo
1156 479 1290 530 miser,

204 536 536 632 Coenastiiniguwirita
554 605 757 646 nunquam
776 594 890 641 bene,
910 604 1001 632 cum
1015 590 1149 630 omnia
1163 590 1205 630 in
1218 589 1295 630 ista

202 645 414 686 Consumis
452 648 609 700 squilla,
641 657 759 701 atque
796 647 1012 700 acipensere
1048 659 1141 686 cum
1177 645 1297 685 decu-

369 702 529 742 mano.”

151 791 193 831 Is
210 790 294 830 haec
311 791 500 845 loquitur,
517 792 599 846 qui,
617 792 658 831 in
673 791 871 855 voluptate
886 791 985 830 nihil
998 802 1160 844 ponens,
1176 797 1295 843 negat

147 859 242 885 eum
262 848 361 886 bene
379 859 541 896 coenare,
563 848 633 900 qui
652 848 785 887 omnia
803 855 923 900 ponat
941 847 982 885 in
1003 846 1226 898 voluptate·
1258 852 1298 884 et

150 908 282 940 tamen
310 914 388 940 non
417 910 534 953 negat
559 903 724 942 libenter
751 915 929 955 unquam
962 914 1130 941 coenasse
1160 900 1297 939 Gallo-

150 955 264 995 nium
293 957 538 1000 (mentiretur
567 955 705 1005 enim),
736 957 801 997 sed
825 958 934 996 bene.
976 957 1040 995 Ita
1066 955 1231 1008 graviter
1258 962 1298 994 et

150 1024 279 1050 severe
310 1011 550 1064 voluptatem
584 1012 746 1051 secernit
776 1025 800 1051 a
828 1013 943 1051 bono.
987 1011 1054 1050 Ex
1086 1023 1165 1063 quo
1197 1008 1299 1049 illud

151 1065 328 1114 efficitur,
358 1067 426 1118 qui
453 1067 551 1106 bene
575 1075 739 1115 coenent,
769 1079 903 1106 omnes
930 1065 1094 1106 libenter
1121 1077 1297 1111 coenare3

151 1121 222 1172 qui
254 1121 432 1171 libenter,
468 1133 546 1160 non
578 1122 763 1162 continuo
795 1123 905 1162 bene.
953 1123 1116 1174 Semper
1148 1119 1298 1159 Laelius

154 1177 265 1215 bene.

204 1229 314 1279 Quid
333 1231 463 1270 bene?
491 1229 584 1271 dicit
600 1230 790 1281 Lucilius,
812 1232 842 1254 “
855 1238 975 1278 cocto,
992 1228 1188 1270 eondito.”
1217 1227 1297 1269 Sed

149 1285 244 1325 cedo
269 1294 386 1337 caput
411 1298 552 1325 coenae:
588 1288 824 1327 “Sermone
838 1287 952 1326 bono.
956 1286 983 1304 '’
1024 1283 1135 1334 Quid
1153 1297 1201 1324 ex
1221 1285 1297 1324 eo?

150 1340 238 1379 “Si
257 1341 408 1393 quaeriss
429 1341 635 1381 libenterss‘
665 1341 859 1381 Veniebat
873 1341 977 1380 enim
996 1340 1047 1379 ad
1065 1352 1229 1387 emam,
1249 1346 1297 1378 ut

150 1395 285 1434 animo
303 1395 435 1448 quieto
454 1397 609 1436 satiaret
627 1396 814 1436 desideria
832 1405 992 1436 natum.
1024 1395 1146 1434 Recte
1160 1406 1251 1447 ergo
1265 1394 1300 1433 is

151 1459 282 1502 negat,
304 1463 481 1504 unquam
501 1453 599 1491 bene
618 1464 784 1491 coenasse
804 1450 1058 1497 Gallonium·
1088 1458 1202 1498 recte,
1221 1448 1298 1488 mi-

146 1518 307 1552 serum3
339 1519 428 1545 cum
456 1506 667 1559 prasertim
694 1507 734 1546 ιιι
761 1520 806 1546 eo
831 1519 947 1546 omne
967 1504 1140 1545 studium
1159 1516 1298 1544 consu·

150 1568 302 1599 meret:
344 1574 463 1613 quem
496 1561 661 1601 libenter
692 1575 858 1602 coenasse
891 1573 1007 1601 nemo
1039 1567 1167 1613 negat.
1214 1558 1299 1598 Cur

149 1615 270 1667 igitur
299 1628 376 1654 non
404 1618 526 1655 bene.
517 1618 534 1644 9
569 1617 664 1669 quia
689 1617 794 1670 quod
819 1618 933 1664 bene,
956 1615 997 1654 id
1024 1623 1140 1663 reete,
1164 1613 1300 1667 frug:-

150 1670 253 1717 liter‚
274 1669 457 1710 honeste.
488 1671 555 1710 ille
574 1686 688 1725 porro
706 1673 823 1718 male,
844 1684 976 1724 prave,
1003 1669 1195 1723 nequiter,
1214 1677 1299 1708 tur-

151 1725 252 1777 piter
284 1728 470 1765 coenabat.
521 1727 613 1766 Non
646 1727 765 1779 igitur
795 1740 865 1766 nec
891 1725 1042 1779 lapathi
1067 1724 1299 1764 suavitatem

148 1779 361 1832 acipenseri
382 1781 554 1820 Gallonii
574 1782 722 1821 Laelius
740 1782 1013 1835 mteponebat,
1040 1779 1106 1819 sed
1132 1778 1300 1819 suavita·

152 1842 233 1873 tem
252 1835 378 1887 ipsam
398 1836 643 1888 negligebat:
670 1837 775 1890 quod
794 1849 873 1876 non
888 1836 1043 1886 faceret,
1059 1834 1091 1874 si
1105 1834 1147 1874 in
1163 1833 1301 1887 volup-

152 1896 232 1929 tate
251 1902 451 1930 summum
474 1892 620 1930 bonum
640 1901 811 1955 poneret.

210 1943 287 1984 IX.
318 1945 562 1984 Semovenda
580 1956 635 1986 est
655 1947 774 1999 igitur
792 1947 984 1999 voluptas,
1009 1957 1086 1984 non
1110 1944 1238 1984 solum
1257 1948 1303 1982 ut

152 2007 256 2038 recta
275 2000 508 2052 sequanum,
530 2001 594 2040 sed
615 2002 731 2041 etiam
751 2012 796 2042 ut
814 2002 925 2055 loqui
943 2001 1074 2041 deoeat
1088 1998 1303 2052 frugaliter.

154 2054 420 2095 Possumusne
445 2055 565 2107 igitur
589 2056 630 2096 ιιι
658 2058 738 2096 n'ta
762 2070 965 2097 summum
988 2058 1136 2096 bonum
1161 2054 1302 2103 dicae,

150 2122 243 2148 cum
264 2109 304 2148 id
325 2122 373 2149 ne
392 2110 433 2149 ιιι
452 2112 561 2150 coena
579 2111 739 2165 quidem
759 2126 869 2166 po&
888 2112 1090 2151 videamur
1103 2112 1123 2150 ἒ

210 2164 305 2212 Quo
323 2165 440 2205 modo
459 2175 591 2205 autem
611 2167 865 2220 philosophus
883 2167 1058 2219 loquitur
1075 2165 1150 2205 tria
1163 2175 1305 2217 genera

152 2218 448 2271 cupiditatum?
490 2222 699 2272 naturales,
729 2232 766 2262 et
798 2221 1057 2268 necessariam
1091 2219 1305 2270 naturales,
