1456 2396
194 40 680 81 ACADEMICORUM
706 41 806 80 Lm.
824 41 883 80 II.
906 41 1013 82 CAP.
1029 44 1067 82 4.
1122 44 1202 90 287

78 151 333 202 quaerebatur,
353 162 463 202 paene
482 150 717 202 explicatum
737 157 807 199 est,
834 157 878 189 ut
902 158 983 190 tota
1001 151 1078 191 fere
1097 166 1203 205 quae-

76 205 149 242 stio
177 212 337 242 tractata
369 203 570 249 videatur3
601 212 730 243 tamen
758 214 934 257 exspecto
964 218 1021 253 ea,
1050 221 1138 258 quae
1168 216 1206 246 te

78 258 271 309 pollicitus
287 271 338 305 es,
363 258 542 306 Luculle,
557 260 605 295 ab
617 259 814 296 Antiocho
833 260 977 307 audita,
994 261 1201 300 dicturum.

78 311 290 363 Equidem,
307 312 434 363 inquit
449 312 695 359 Hortensius,
713 312 785 351 feci
800 314 901 364 plus,
916 327 1035 365 quam
1049 316 1201 354 vellem.

79 365 224 404 Totam
244 366 348 404 enim
367 379 448 403 rem
468 366 636 404 Lucullo
647 366 837 417 integram
850 368 989 406 servan’
1008 371 1202 421 oportuit:

79 427 116 458 et
135 428 263 458 tamen
282 420 439 458 fortasse
458 428 604 458 servata
620 429 675 458 est
691 435 700 457 :
734 434 756 457 a
774 434 837 458 me
857 422 959 459 enim
980 436 1036 471 ea,
1059 437 1145 474 quae
1164 425 1205 462 in

78 482 234 525 promtu
255 481 375 521 erant,
397 473 498 511 dicta
516 482 629 512 sunt:
661 487 684 512 a
703 473 870 513 Lucullo
886 484 1015 514 autem
1034 478 1206 516 recondi-

78 528 175 566 tiora
194 527 376 566 desidero.

133 582 242 620 Tum
261 582 340 629 ille,
362 582 456 620 Non
482 595 585 629 sane,
606 582 746 634 inquit,
777 582 974 632 Hortensi,
1003 588 1204 625 conturbat

80 647 145 674 me
176 637 407 688 exspectatio
439 643 531 682 tua3
563 637 632 675 etsi
660 637 758 674 nihil
788 644 843 675 est
875 637 935 686 iis,
964 639 1032 690 qui
1056 641 1204 691 placere

82 691 231 737 volunt,
266 698 347 728 tam
382 689 642 729 adversarium
661 705 670 727 :
712 691 791 738 sed,
827 691 919 742 quia
952 704 1028 730 non
1060 695 1206 741 laboro,

80 757 200 796 quam
219 745 328 783 valde
348 758 405 791 ea,
428 758 515 796 quae
535 744 632 792 dico,
654 747 885 796 probaturus
904 746 992 793 sim,
1013 760 1057 785 eo
1076 749 1206 787 minus

79 800 295 837 conturbor.
326 799 468 837 Dicam
484 799 601 846 enim,
623 811 692 837 nec
711 812 810 847 mea,
829 812 898 837 nec
917 813 974 849 ea,
988 801 1030 838 in
1049 802 1205 853 quibus,

80 852 112 890 si
131 865 220 891 vera
238 866 315 891 non
334 853 492 899 fuerint,
514 865 592 891 non
613 853 714 891 vinci
732 866 795 891 me
813 853 963 901 malim,
986 868 1105 906 quam
1124 857 1209 894 vin-

80 919 174 945 cere.
216 907 306 956 Sed,
341 906 572 956 mehercule,
607 915 652 945 ut
685 907 844 959 quidem
878 920 982 947 nunc
1018 923 1058 947 se
1094 923 1208 949 causa

78 960 208 1009 habet,
249 961 319 999 etsi
355 961 531 1000 hesterno
568 974 742 1000 sermone
777 961 964 1000 labefacta
1001 971 1070 1012 est,
1109 965 1208 1003 mihi

81 1021 212 1053 tamen
246 1015 397 1054 videtur
430 1029 508 1054 esse
541 1016 747 1054 verissima.
795 1015 927 1067 Agam
962 1017 1080 1068 igitur
1110 1019 1208 1057 sicut

80 1069 300 1108 Antiochus
320 1071 482 1120 agebat:
512 1078 604 1108 nota
623 1070 726 1109 enim
744 1070 843 1108 mihi
867 1083 926 1108 res
946 1079 1001 1110 est
1017 1087 1027 1109 :
1058 1085 1150 1110 nam
1171 1081 1208 1111 et

81 1136 202 1162 vacuo
239 1124 370 1162 animo
405 1124 520 1162 illum
557 1125 776 1172 audiebam,
817 1131 854 1162 et
889 1137 1033 1176 magno
1065 1127 1207 1175 studio,

82 1177 218 1215 eadem
244 1177 292 1216 de
316 1191 358 1216 re
383 1178 499 1216 etiam
526 1179 689 1230 saepius:
724 1186 765 1216 ut
784 1178 901 1216 etiam
927 1181 1114 1229 majorem
1142 1194 1209 1219 ex-

83 1230 356 1283 spectationem
384 1233 463 1271 mei
494 1232 648 1282 faciam,
684 1246 803 1285 quam
835 1233 950 1272 modo
983 1234 1072 1272 fecit
1102 1235 1209 1273 Hor-

81 1292 239 1324 tensms.

138 1340 242 1378 Cum
273 1339 328 1378 ita
360 1348 456 1379 esset
489 1353 659 1389 exorsus,
699 1340 748 1379 ad
785 1341 1022 1380 audiendum
1059 1342 1208 1382 animos

82 1394 286 1432 ereximus.
327 1394 387 1432 At
411 1395 491 1443 ille,
513 1395 617 1433 Cum
635 1395 886 1433 Alexandriae
911 1409 980 1447 pro
1007 1405 1226 1448 quaestore„

79 1448 221 1500 inquit,
249 1462 384 1497 essem,
405 1449 480 1486 fuit
499 1449 718 1488 Antiochus
747 1462 917 1497 mecum,
946 1457 984 1488 et
1013 1458 1093 1489 erat
1121 1453 1206 1502 jam

84 1510 197 1540 antea
236 1502 490 1541 Alexandriae
524 1503 724 1542 familiaris
760 1504 948 1542 Antiochi
986 1505 1208 1545 Heraclitus

82 1556 228 1608 Tyrius
248 1557 334 1608 (qui
353 1564 390 1595 et
410 1556 697 1596 Clitomachum
715 1558 860 1595 multos
876 1571 1008 1606 annos,
1023 1566 1060 1597 et
1075 1560 1210 1599 Philo-

81 1623 188 1659 nem,
208 1611 412 1659 audierat),
433 1611 551 1650 homo
570 1625 660 1650 sane
686 1612 727 1649 in
754 1610 825 1650 ista
843 1612 1100 1664 philosophia,
1122 1628 1210 1666 quae

82 1675 187 1703 nunc
205 1678 326 1717 prope
348 1665 506 1704 dimissa
531 1674 742 1713 revocatur,
769 1668 952 1718 probatus
979 1675 1017 1705 et
1042 1668 1208 1715 nobilis;

84 1732 175 1757 cum
190 1733 268 1771 quo
287 1727 326 1758 et
337 1720 580 1758 Antiochum
593 1734 692 1772 saepe
707 1720 969 1772 disputantem
980 1722 1209 1768 audiebam3

86 1773 153 1812 sed
170 1781 382 1825 utrumque
399 1774 547 1812 leniter.
577 1774 633 1813 Et
652 1774 811 1826 quidem
830 1775 893 1812 isti
909 1775 1000 1813 libri
1018 1776 1095 1814 duo
1115 1777 1211 1814 Phi-

84 1827 199 1876 lonis,
220 1827 267 1866 de
287 1829 428 1880 quibus
446 1828 530 1866 heri
549 1828 697 1867 dictum
717 1842 741 1867 a
759 1829 899 1867 Catulo
914 1837 983 1878 est,
1005 1838 1090 1868 tum
1106 1839 1214 1869 erant

87 1881 196 1919 allati
223 1882 521 1931 Alexandriam,
554 1890 717 1935 tumque
750 1883 923 1935 primum
954 1884 996 1922 in
1026 1885 1214 1923 Antiochi

88 1948 229 1974 manus
257 1945 464 1975 venerant:
495 1945 533 1975 et
560 1937 677 1975 homo
703 1937 842 1975 natura
860 1938 1078 1976 lenissimus
1099 1938 1213 1982 (nihil

89 1989 194 2028 enim
225 1996 375 2041 poterat
410 1991 493 2029 fieri
528 1991 596 2029 illo
632 1991 784 2040 mitius)
823 1992 1051 2030 stomachari
1084 2000 1214 2031 tamen

87 2045 213 2096 coe'pit.
243 2044 444 2083 Mirabar:
475 2058 602 2097 neque
616 2045 720 2084 enim
735 2059 911 2098 unquam
925 2054 1014 2084 ante
1028 2045 1212 2085 videram.

87 2098 148 2136 At
166 2099 245 2145 ille,
268 2098 456 2137 Heracliti
480 2100 708 2138 memoriam
733 2100 958 2152 implorans,
981 2113 1149 2152 quaerere
1168 2114 1216 2139 ex

89 2165 148 2202 eo,
170 2152 437 2192 viderenturne
455 2153 523 2192 illa
543 2153 733 2202 Philonis,
755 2162 879 2193 autea
890 2167 987 2193 num
1004 2154 1064 2194 vel
1080 2164 1104 2194 ‘e
1119 2155 1214 2193 Phi-
