1456 2396
163 104 216 144 54
487 97 746 149 ORATOR,
768 97 874 138 οη.
891 98 955 137 56.

162 223 251 250 rum
270 208 411 248 similia
429 216 520 247 sunt
536 207 716 261 quaedam
735 207 851 247 etiam
870 205 975 260 apud
992 213 1162 246 nostros:
1184 205 1287 245 velut

165 266 235 304 illa
251 264 294 302 in
312 264 498 316 Thyeste,

223 342 252 363 ‘⁶
273 339 497 411 Quemnam
516 345 554 378 te
573 351 652 378 esse
676 337 835 377 dicam?
864 335 934 390 qui
960 334 1071 375 tarda
1094 335 1136 374 in
1162 347 1289 375 senec-

385 401 469 433 tute
513 421 523 432 .
537 421 549 433 .
563 420 574 431 .
591 420 602 431 .

168 492 207 524 et
225 496 313 536 quae
340 487 577 535 sequuntur:
609 493 711 533 quae,
738 479 814 519 nisi
839 492 929 519 cum
954 479 1095 519 tibicen
1121 479 1290 526 accessit,

167 538 331 578 orationi
349 544 438 576 sunt
457 537 592 575 solutae
610 535 819 573 simillima.
846 535 907 573 At
932 534 1165 573 comicorum
1184 546 1292 573 sena-

168 593 230 640 rii,
259 599 414 644 propter
441 589 734 629 similitudinem
763 588 960 637 sermonis,
991 588 1043 627 sic
1075 601 1177 640 saepe
1203 595 1293 626 sunt

169 647 321 697 abjecti,
341 653 386 683 ut
404 656 687 696 nonnunquam
706 643 772 682 vix
797 643 838 681 in
863 643 924 681 his
949 654 1135 681 numerus
1153 650 1190 681 et
1210 655 1294 681 ver-

169 715 233 740 sus
251 699 415 751 intelligi
432 699 575 751 possit3
607 711 685 750 quo
704 705 759 736 est
784 697 834 735 ad
858 696 1134 735 inveniendum
1157 695 1293 735 diffici-

168 756 241 794 lior
258 755 300 792 in
318 754 487 793 oratione
506 765 704 800 numerus,
724 764 843 804 quam
861 751 904 788 in
918 750 1100 790 versibus.

224 809 398 848 Omnino
417 807 495 845 duo
514 813 616 855 sunt,
637 820 725 858 quae
745 805 924 844 condiant
941 805 1179 851 orationem;
1207 817 1292 844 ver-

169 866 324 911 borum,
352 873 680 912 numerorumque
702 859 934 910 jucunditas,
971 858 1023 897 In
1047 859 1172 898 verbis
1192 858 1292 898 inest

170 918 281 970 quasi
298 916 458 955 materia
476 915 680 967 quaedam3
710 915 751 952 in
771 926 932 952 numero
950 920 1080 952 autem
1095 912 1290 965 expolitio.

172 972 262 1021 Sed„
282 979 341 1019 ut,
370 971 511 1009 caeteris
536 970 576 1007 in
602 970 729 1016 rebus,
756 967 986 1007 necessitatis
1011 967 1168 1006 inventa
1193 967 1295 1006 anti-

170 1026 306 1078 quiora
324 1032 427 1071 sunt,
448 1037 566 1076 quam
586 1023 792 1075 voluptatis
811 1036 822 1069 3
851 1022 906 1061 ita
930 1028 968 1060 et
984 1021 1026 1060 in
1043 1022 1116 1061 hac
1135 1034 1176 1060 re
1193 1021 1291 1060 acci-

171 1081 243 1129 dit,
263 1087 308 1118 ut
331 1079 464 1118 multis
490 1078 636 1117 saeculis
660 1084 748 1115 ante
773 1076 893 1116 oratio
916 1075 1023 1114 nuda
1046 1089 1091 1115 ae
1113 1075 1220 1115 rudis
1241 1075 1292 1114 ad

171 1135 270 1174 solos
295 1134 512 1172 animorum
539 1144 669 1171 sensus
694 1130 962 1183 exprimendos
985 1130 1101 1170 fuerit
1125 1138 1288 1182 reperta,

171 1201 291 1241 quam
308 1187 404 1226 ratio
422 1199 686 1233 numerorum,
712 1186 827 1224 causa
843 1185 1102 1224 delectationis
1118 1184 1287 1234 aurium,

171 1243 395 1294 excogitata.
425 1241 563 1293 Itaque
582 1249 619 1279 et
638 1240 872 1289 Herodotus,
893 1246 931 1278 et
948 1239 1082 1278 eadem
1100 1238 1289 1291 superior-

171 1310 247 1349 que
266 1304 369 1344 aetas,
389 1308 551 1334 numero
569 1295 704 1343 caruit,
725 1294 798 1333 nisi
816 1293 972 1346 quando
989 1300 1131 1332 temere
1149 1306 1193 1332 ac
1209 1292 1289 1332 for-

170 1351 294 1390 tuito:
325 1357 362 1389 et
381 1350 577 1401 scriptores
601 1357 811 1401 perveteres
835 1348 883 1387 de
900 1360 1063 1387 numero
1086 1347 1185 1386 nihil
1202 1360 1287 1386 om-

170 1406 278 1455 nino,
297 1404 345 1443 de
362 1405 530 1442 oratione
548 1410 736 1455 praecepta
753 1403 891 1451 multa,
907 1401 1016 1441 nobis
1035 1402 1285 1454 reliquerunt.

171 1460 280 1498 Nam
299 1458 403 1511 quod
427 1466 465 1497 et
489 1457 639 1497 facilius
663 1465 719 1496 est
741 1465 779 1497 et
802 1456 926 1509 magis
950 1457 1218 1506 necessarium,
1243 1455 1285 1495 id

171 1527 322 1565 semper
340 1520 427 1551 ante
445 1512 694 1563 cognoscitur.

226 1567 342 1607 LVI.
372 1567 510 1619 Itaque
532 1567 683 1615 tralata,
705 1573 773 1605 aut
790 1565 904 1616 facta,
925 1573 993 1605 aut
1005 1566 1141 1616 juncta
1156 1566 1288 1614 verba,

172 1622 284 1661 facile
297 1629 387 1660 sunt
401 1621 566 1672 cognita,
584 1621 676 1673 quia
693 1622 944 1660 sumebantur
961 1634 983 1660 e
1000 1619 1288 1669 consuetudine,

173 1675 472 1729 quotidianoque
499 1687 672 1714 sermone
687 1689 699 1713 :
728 1687 913 1714 numerus
930 1682 1062 1714 autem
1079 1686 1156 1713 non
1175 1674 1292 1712 domo

173 1731 482 1782 depromebatur,
503 1742 628 1781 neque
654 1729 820 1769 habebat
846 1730 1019 1782 aliquam
1045 1728 1292 1768 necessitudi-

174 1797 265 1824 nem
290 1793 359 1823 aut
382 1783 646 1835 cognationem
671 1795 761 1822 cum
785 1784 967 1823 oratione.
1015 1783 1154 1836 ltaque
1174 1782 1294 1822 serius

174 1839 373 1891 aliquanto
395 1844 549 1876 notatus
568 1844 605 1876 et
619 1837 807 1889 cognitus,
821 1837 932 1891 quasi
949 1838 1160 1890 quamdam
1177 1837 1296 1891 palae-

174 1901 295 1932 stram
313 1900 351 1931 et
369 1900 540 1931 extrema
557 1891 790 1931 lineamenta
807 1892 968 1932 orationi
988 1891 1130 1931 attulit.

230 1947 350 1996 Quod
362 1947 393 1986 si
412 1954 450 1985 et
468 1953 631 1997 angusta
649 1945 827 1998 quaedam
846 1954 962 1999 atque
979 1946 1143 1995 concisa,
1163 1952 1201 1985 et
1217 1945 1295 1985 alia

176 2008 233 2040 est
251 2001 427 2040 collatata
440 2008 478 2038 et
495 2000 634 2038 diffusa
653 1999 772 2039 oratio
788 2015 800 2048 3
830 2013 980 2040 necesse
1004 2008 1073 2049 est,
1093 2000 1134 2038 id
1151 2012 1229 2039 non
1246 2000 1295 2038 li-

176 2063 346 2094 terarum
374 2054 542 2094 accidere
570 2054 723 2101 natura,
751 2055 817 2093 sed
843 2055 1133 2094 intervallorum
1158 2054 1294 2106 longo-

176 2123 265 2148 rum
291 2116 329 2148 et
352 2109 527 2148 brevium
554 2108 762 2155 varietate;
792 2109 934 2161 quibus
959 2109 1155 2161 implicata
1178 2115 1295 2159 atque

177 2164 370 2216 permixta
394 2163 513 2204 oratio
528 2162 712 2216 quoniam
729 2169 812 2204 tum
834 2163 980 2204 stabilis
998 2170 1069 2215 oet,
1085 2170 1172 2204 tum
1183 2162 1295 2204 volu-
