1456 2396
208 97 288 135 318
336 92 819 135 ACADEMICORUM
840 93 940 134 Lm.
960 92 1020 133 11.
1041 93 1146 134 CAP.
1159 95 1224 133 26.

207 202 398 254 octoginta
416 203 537 242 stadia
554 202 657 254 quod
676 204 835 251 abesset,
854 201 1034 248 videbat3
1063 201 1242 254 quaedam
1252 214 1320 240 vo-

207 258 330 295 lucres
344 257 506 308 longius.
537 257 821 308 Responderem
835 256 952 307 igitur
970 255 1147 295 audacter
1160 255 1224 294 isti
1236 268 1319 295 ves-

208 318 267 348 tro
291 311 390 358 Deo,
421 324 484 348 me
505 311 619 361 plane
646 310 706 348 his
733 310 851 348 oculis
878 321 956 347 non
983 322 1062 347 esse
1083 316 1318 348 contentum.

210 364 324 402 Dicet
341 377 404 402 me
422 364 544 402 acrius
562 363 701 411 videre,
722 376 840 415 quam
868 362 966 401 ullos
991 363 1113 414 pisces
1135 363 1318 409 fortasse;

209 418 278 469 qui
297 430 420 468 neque
438 417 613 455 videntur
631 430 654 455 a
672 417 794 465 nobis,
811 424 848 455 et
858 428 962 454 nunc
976 416 1131 467 quidem
1143 418 1215 455 sub
1229 429 1321 455 ocu-

208 471 256 509 lis
270 478 359 510 sunt
374 485 387 517 ς
415 483 540 522 neque
557 470 630 522 ipsi
647 483 716 509 nos
730 470 917 522 suspicere
932 477 1102 520 possunt.
1131 470 1251 521 Ergo,
1271 476 1316 508 ut

210 525 294 563 aliis
312 538 426 575 aqua,
453 525 505 563 sic
522 524 631 563 nobis
650 528 713 562 ae‘r
732 537 890 571 crassus,
909 523 1133 562 offunditur.
1160 523 1221 562 At
1238 535 1322 562 am-

210 578 312 629 plius
327 591 404 617 non
418 578 685 616 desideramus.
715 577 854 625 Quid?
884 577 1060 628 talpam?
1088 589 1166 615 non
1176 577 1322 616 doside.

210 645 294 670 rare
311 633 445 670 lumen
462 634 608 683 putas?
638 644 763 683 neque
776 639 857 671 tam
876 638 1096 682 quereretur
1113 643 1203 669 cum
1218 629 1320 679 Deo,

210 685 315 737 quod
332 699 469 737 parum
487 686 613 736 longe,
634 698 753 736 quam
780 684 884 736 quod
902 684 1042 722 falsum
1061 683 1215 723 videret.
1245 684 1320 723 Vi-

210 739 326 777 desne
339 752 475 778 navem
490 739 628 777 illam?
659 740 766 777 Stare
784 738 894 777 nobis
911 737 1085 784 videtur,
1115 746 1155 776 at
1172 737 1233 786 iis,
1252 737 1322 789 qui

210 793 253 831 in
267 793 355 831 navi
374 800 475 842 sunt,
495 792 640 831 moveri
657 793 739 832 haec
752 792 855 830 villa.
885 792 1026 840 Quaere
1038 791 1238 852 rationem,
1254 804 1323 830 cur

210 847 266 885 ita
297 846 468 886 videatur
484 861 494 885 ε
532 859 650 898 quam
686 853 731 884 ut
760 846 931 883 maxime
965 845 1166 892 inveneris,
1201 844 1323 897 (quod

211 901 316 938 haud
334 901 423 949 scio,
444 913 493 938 an
510 913 588 938 non
606 900 741 951 possis)
760 912 838 937 non
864 907 907 937 tu
933 911 1068 937 verum
1095 906 1229 937 testem
1253 898 1324 937 ha-

211 956 314 1002 bere,
335 954 400 992 sed
418 967 522 1001 eum,
542 966 620 993 non
638 953 719 992 sine
740 954 868 1003 causa,
891 953 1033 991 falsum
1058 952 1321 992 testimonium

211 1008 334 1046 dicere
347 1008 563 1049 ostenderis.

264 1061 426 1101 XXVI.
455 1061 564 1109 Quid
578 1074 647 1112 ego
661 1061 708 1100 de
722 1061 844 1101 navi?
872 1060 950 1099 vidi
967 1061 1070 1099 enim
1081 1074 1105 1098 a
1122 1067 1160 1099 te
1170 1072 1323 1098 remum

211 1115 426 1153 contemni:
456 1116 603 1163 majora
615 1115 771 1153 fortasse
790 1115 939 1166 quaeris.
979 1114 1088 1162 Quid
1104 1121 1227 1166 potest
1245 1127 1324 1153 esse

212 1169 290 1206 sole
316 1169 473 1217 majus?
503 1181 619 1220 quem
651 1168 912 1206 mathematici
943 1168 1109 1219 amplius
1142 1167 1325 1206 duodevi-

211 1222 309 1272 ginti
327 1222 497 1273 partibus
519 1222 745 1261 confirmant
768 1223 954 1271 majorem
982 1234 1074 1268 esse,
1103 1234 1222 1272 quam
1248 1227 1324 1259 ter-

211 1289 307 1313 ram.
343 1275 565 1323 Quantulus
583 1275 692 1314 nobis
710 1275 860 1314 videtur
876 1278 894 1314 Ρ
922 1275 1021 1314 mihi
1038 1274 1195 1326 quidem
1214 1274 1324 1326 quasi

211 1328 367 1380 pedalis.
398 1329 589 1380 Epicurus
607 1337 737 1367 autem
755 1342 862 1380 posse
880 1336 991 1381 putat
1005 1329 1119 1367 etiam
1133 1328 1321 1367 minorem

212 1396 292 1421 esse
310 1396 414 1430 eum,
434 1396 552 1434 quam
571 1383 757 1431 videatur,
777 1383 843 1421 sed
861 1396 938 1421 non
956 1383 1079 1421 multo
1095 1397 1106 1420 ε
1135 1383 1185 1420 iie
1202 1382 1324 1431 majo-

213 1449 295 1474 rem
314 1437 470 1488 quidem
489 1437 612 1475 multo
630 1444 741 1488 putat
754 1450 846 1483 esse,
858 1437 918 1475 vel
932 1443 1084 1475 tantum
1096 1449 1188 1481 esse,
1200 1447 1324 1487 quan-

213 1497 275 1528 tus
289 1490 484 1528 videatur:
514 1498 559 1528 ut
577 1490 677 1528 oculi
695 1498 763 1528 aut
779 1491 877 1528 nihil
893 1489 1142 1538 mentiantur,
1161 1496 1229 1527 aut
1245 1500 1323 1526 non

214 1544 384 1582 multum
402 1544 647 1584 mentiantur.
677 1544 782 1582 Ubi
772 1544 889 1595 igitur
906 1543 1004 1582 illud
1022 1550 1092 1591 est,
1106 1545 1134 1565 “
1147 1544 1280 1581 semel.
1271 1543 1323 1572 ‘W

215 1598 291 1636 Sed
316 1600 363 1636 ab
391 1598 463 1636 hoc
489 1598 656 1647 credulo,
677 1598 745 1648 qui
776 1610 978 1649 nunquam
1007 1609 1137 1635 sensus
1168 1595 1325 1634 mentiri

215 1658 339 1701 putat,
361 1651 625 1697 discedamus3
656 1651 724 1702 qui
745 1664 794 1690 ne
818 1664 922 1689 nunc
947 1650 1117 1703 quidem,
1144 1663 1233 1688 cum
1258 1649 1324 1688 ille

215 1705 284 1752 sol,
316 1705 384 1756 qui
415 1706 523 1745 tanta
553 1705 770 1746 incitatione
801 1705 934 1753 fertur,
959 1711 1018 1751 ut,
1050 1703 1217 1743 celeritas
1240 1704 1323 1752 ejus

215 1766 361 1809 quanta
385 1758 448 1807 sit,
474 1771 523 1798 ne
546 1758 703 1811 cogitari
727 1758 883 1812 quidem
908 1757 1038 1811 possit,
1058 1765 1189 1796 tamen
1214 1756 1325 1795 nobis

215 1820 313 1850 stare
331 1812 514 1850 videatur.

269 1865 360 1914 Sed,
390 1873 435 1903 ut
465 1866 640 1906 minuam
672 1865 977 1914 controversiam,
1010 1864 1148 1912 videte,
1180 1877 1324 1916 quaeso,

216 1931 335 1970 quam
363 1919 404 1957 in
429 1919 597 1970 parvulis
622 1920 713 1958 sitis.
761 1920 939 1967 Quatuor
962 1926 1052 1957 sunt
1072 1918 1208 1970 capita,
1237 1931 1325 1969 quae

217 1972 457 2020 concludant,
477 1973 575 2012 nihil
593 1986 685 2021 esse,
706 1974 809 2025 quod
827 1973 943 2021 nosci,
969 1973 1125 2024 percipi,
1154 1984 1326 2022 compre-

216 2026 333 2064 hendi
350 2027 491 2077 possit3
521 2026 569 2065 de
586 2040 663 2078 quo
681 2028 763 2066 haec
773 2035 853 2066 tota
866 2027 1024 2079 quaestio
1039 2034 1105 2064 est.
1134 2025 1170 2063 E
1183 2025 1325 2077 quibus

217 2080 388 2131 primum
406 2088 474 2127 est,
495 2093 573 2119 &sse
585 2081 745 2141 aliquod
759 2081 884 2119 visum
902 2081 1070 2126 falsum,
1099 2078 1324 2140 secundum,

218 2145 294 2171 non
313 2147 420 2194 posse
438 2134 478 2172 id
496 2134 666 2186 percipi3
696 2135 864 2183 tertium,
891 2135 989 2173 inter
1012 2147 1099 2185 quae
1123 2133 1203 2171 visa
1226 2131 1323 2170 nihil

216 2186 378 2239 intersit,
406 2188 486 2231 fieri
500 2201 577 2229 non
591 2202 713 2243 posse,
728 2196 915 2231 uteorum
928 2188 1003 2229 alia
1013 2186 1154 2241 percipi
1165 2186 1324 2240 possint,
