1456 2396
443 61 704 110 ORATOR,
722 62 827 101 cst.
844 61 910 107 67.
1186 61 1238 100 65

123 179 211 224 bus,
231 187 319 227 quae
335 174 512 212 membra
536 171 725 214 dicimus·
756 179 800 210 ut
826 179 863 210 et
888 182 998 209 aures
1015 169 1189 222 impleat,
1211 177 1249 209 et

126 244 174 270 ne
192 229 341 268 brevior
359 228 421 277 sit,
442 240 561 280 quam
581 226 670 264 satis
690 226 753 276 sit,
773 238 899 277 neque
916 225 1089 276 longior:
1112 237 1251 286 quam-

127 297 247 337 quam
266 291 474 334 utrumque
492 293 797 343 nonnunquam,
808 280 869 318 vel
883 280 1010 331 potius
1023 292 1136 330 saepe,
1153 279 1250 317 acci-

128 339 199 387 dit,
219 346 264 376 ut
281 344 349 375 aut
366 336 477 375 citius
495 336 554 373 ins
539 334 750 373 sistendum
769 334 830 383 sit,
851 342 918 372 aut
943 334 1096 385 longius
1120 346 1253 385 proce-

127 392 314 439 dendum,
329 404 379 429 ne
391 389 557 429 brevitas
570 389 815 428 defraudasse
829 401 939 426 auses
953 388 1140 437 videatur,
1156 400 1253 425 neve

129 445 330 498 longitudo
354 445 559 484 obtudisse.
595 443 674 482 Sed
698 444 821 482 habeo
843 442 1113 481 mediocritatis
1138 441 1254 480 ratio-

130 514 245 539 nem:
276 513 346 539 nec
365 493 469 538 enini
487 499 625 551 loquor
643 497 691 537 de
709 511 849 544 versu3
880 505 919 536 et
937 504 993 536 est
1012 496 1168 536 liberior
1185 495 1256 534 311-

131 562 277 609 quanto
295 554 427 593 oratio.

184 609 221 648 E
241 616 418 670 quatuor
424 607 556 660 igitur,
576 606 686 659 quasi
704 607 1017 646 hexametrorum
1036 605 1156 644 instar
1173 617 1257 643 ver-

130 667 247 703 suum
267 662 372 716 quod
390 662 452 712 sit,
473 669 620 701 constat
632 661 710 700 fere
723 662 839 724 plena
853 660 1150 713 comprehensio.
1182 659 1259 698 His

131 719 250 780 igitur
268 717 429 769 singulis
447 716 619 755 versibus
631 717 742 779 quasi
753 716 845 754 nodi
863 722 1048 767 apparent
1060 714 1260 753 continua-

134 772 262 822 tionis,
279 785 374 824 quos
393 771 434 810 in
448 771 598 810 ambitu
613 771 896 822 conjungimus.
926 770 996 809 Sin
1010 768 1261 808 membratim

133 827 314 866 volumus
331 826 469 874 dicere,
489 825 726 864 insistimus·
756 825 874 877 idque
893 837 984 863 cum
1003 837 1100 875 opus
1120 830 1190 870 est,
1211 824 1260 860 ab

134 881 207 920 isto
231 895 345 920 cursu
369 880 558 919 invidioso
583 879 695 918 facile
713 892 782 918 nos
808 886 846 918 et
871 892 970 931 saepe
989 878 1262 930 disjungimus.

137 936 214 975 Sed
241 935 339 974 nihil
371 943 453 974 tam
483 934 595 974 debet
625 947 705 973 esse
731 947 996 982 numerosum,
1026 945 1147 985 quam
1174 931 1262 980 hoc,

138 990 244 1043 quod
268 990 430 1029 minime
454 996 626 1041 apparet,
647 996 685 1027 et
711 989 812 1028 valet
836 988 1062 1040 plurimum.
1098 986 1165 1026 Ex
1191 985 1266 1024 hoc

139 1057 279 1110 genere
307 1044 407 1083 illud
436 1052 492 1083 est
522 1043 663 1091 Crassi,
696 1045 847 1082 Missos
866 1045 1025 1095 saciant
1041 1046 1264 1106 patronos:

140 1101 218 1151 ipsi
231 1101 434 1150 prodeant.
464 1098 554 1137 Nisi
571 1098 694 1136 interv
697 1098 773 1136 allo
787 1097 987 1147 dixisset,
973 1110 1049 1148 ψει
1041 1097 1267 1147 ‘prodeant,

141 1154 315 1193 sensisset
333 1153 502 1206 profecto
516 1152 693 1217 effugisse
705 1152 924 1191 senarium:
954 1152 1114 1190 omnino
1126 1150 1268 1189 melius

142 1208 306 1256 caderet,
321 1209 543 1260 prodeant
530 1209 618 1258 apsi.
649 1207 725 1246 Sed
743 1207 791 1247 de
815 1219 954 1259 genere
978 1218 1082 1244 nunc
1101 1205 1267 1257 disputo.

148 1264 234 1303 Cur
263 1263 511 1301 clandestinis
536 1263 707 1300 consiliis
737 1275 805 1300 nos
834 1261 1096 1313 oppugnant?
1125 1273 1197 1298 cur
1223 1260 1269 1297 de

138 1318 327 1370 perfugis
345 1319 489 1355 uostris
508 1318 635 1367 copias
653 1321 879 1368 comparant
899 1321 1032 1366 contra
1050 1327 1118 1353 nos
1130 1315 1151 1353 fl
1182 1313 1271 1352 Pri-

145 1385 212 1410 ma
236 1378 327 1410 sunt
352 1371 421 1410 1113
446 1371 537 1419 (1110,
558 1384 646 1422 quae
667 1377 852 1420 Κομματα
872 1370 997 1409 Graeci
1023 1375 1174 1416 vocant,
1199 1381 1270 1407 nos

145 1426 265 1465 1110153
282 1426 470 1465 dicimus:
500 1425 637 1464 deinde
652 1425 823 1473 tertium,
841 1430 964 1462 Κωλσν
976 1424 1048 1473 1111,
1064 1436 1133 1462 nos
1146 1436 1272 1461 mem-

145 1482 274 1520 brum.
304 1481 487 1532 Sequitur
505 1492 583 1519 non
595 1480 711 1531 longa
723 1483 788 1524 (ex
800 1479 951 1518 duobus
966 1479 1070 1517 enim
1084 1478 1271 1525 versibus,

146 1535 188 1574 id
216 1543 287 1583 est,
319 1535 516 1583 membris,
545 1533 714 1586 perfecta
744 1541 816 1583 est)
840 1533 1141 1586 comprehensio,
1169 1540 1207 1572 et
1231 1532 1272 1570 in

147 1590 334 1641 spondeos
361 1589 486 1628 cadit:
524 1596 561 1628 et
589 1588 750 1628 Crassus
778 1588 935 1641 quidem
963 1588 1016 1626 sic
1044 1588 1276 1640 plerumque

148 1644 325 1684 dicebat:
353 1644 471 1696 idque
489 1644 571 1695 ipse
588 1656 710 1695 genus
729 1643 880 1682 dicendi
897 1643 1069 1681 maxime
1085 1644 1219 1694 probo.

206 1698 389 1738 LXVII.
403 1698 480 1738 Sed
497 1711 585 1760 quae
603 1698 754 1737 incisim
769 1705 837 1736 aut
850 1697 1097 1736 membratim
1110 1696 1275 1736 efferun-

150 1759 227 1799 tur,
248 1766 294 1792 ea
311 1753 372 1792 vel
389 1753 585 1805 aptissime
604 1753 736 1792 cadere
747 1752 915 1800 debent;
937 1760 981 1790 ut
1000 1759 1056 1791 est
1066 1751 1172 1804 apud
1182 1763 1274 1790 me.

151 1809 183 1830 “
204 1807 358 1847 Domus
376 1808 447 1846 tibi
471 1808 631 1847 deerat?
660 1815 700 1846 at
724 1807 904 1847 habebas.
934 1806 1105 1846 Pecunia
1122 1819 1279 1858 supera·

151 1862 253 1901 bat?
281 1868 322 1901 at
340 1863 518 1914 egebas.”
547 1861 675 1901 Haec
664 1862 781 1901 incise
794 1862 896 1901 dicta
913 1869 1004 1900 sunt
1022 1868 1199 1914 quatuor.
1219 1860 1280 1899 At

152 1916 414 1964 membratim,
428 1930 516 1969 quae
530 1924 757 1969 sequuntur,
773 1916 865 1967 duo,
888 1918 916 1939 “
927 1915 1128 1955 Incurristi
1146 1927 1279 1953 amens

153 1969 196 2007 in
218 1971 440 2009 columnas:
471 1971 512 2009 in
531 1971 703 2010 alienos
692 1983 849 2009 msanus
867 1970 1055 2009 insanisti.
1059 1971 1085 1990 ”
1125 1969 1280 2008 Deinde

152 2024 297 2074 omnia,
316 2031 518 2087 tamquam
537 2025 729 2077 crepidine
743 2025 928 2078 quadam,
943 2024 1279 2077 comprehensione

153 2078 326 2130 longiore
349 2079 611 2119 sustinentur:
644 2083 672 2103 “
693 2079 941 2132 Depressam,
968 2092 1122 2129 caecam,
1147 2079 1278 2128 jacen-

155 2138 234 2171 tem
253 2132 414 2172 domum
433 2134 566 2186 pluris,
588 2147 706 2186 quam
726 2143 776 2183 te,
798 2142 834 2174 et
853 2147 972 2186 quam
988 2134 1161 2173 fortunas
1176 2140 1276 2192 tuas,

156 2186 393 2228 ε511133511.”
425 2188 618 2230 Dichoreo
646 2189 803 2230 finitur·
842 2197 881 2227 at
913 2188 1122 2242 dispondeo
1147 2185 1280 2240 proxi-

869 2254 896 2281 (ι
927 2244 952 2282 3
