1456 2396
292 99 377 139 AD
397 99 1194 150 HERENNIUM,L113.IV.CAP.10.
1225 99 1306 139 219

190 207 306 260 (111151
333 208 479 257 Quid?
508 209 728 261 Fregellani
739 222 816 248 non
829 224 898 248 sua
911 217 1044 261 sponte
1057 208 1182 248 conati
1195 210 1317 247 sunt?

185 262 248 301 Eo
280 263 438 314 quidem
467 264 597 302 minus
624 264 687 302 isti
719 264 831 302 facile
861 272 1102 312 conarentur,
1132 277 1225 316 quo,
1253 261 1313 300 illi

183 317 514 380 quemadmodum
530 318 800 380 discessissent,
821 318 1014 357 videbant.
1056 293 1164 357 N'am
1182 329 1313 356 rerum

180 370 365 423 imperiti,
386 373 455 424 qui
473 373 776 424 uniuscujusque
803 373 858 411 rei
877 372 924 411 de
942 374 1055 411 rebus
1081 380 1170 411 ante
1197 370 1312 423 gestis

182 426 363 477 exempla
380 434 507 478 petere
525 439 604 465 non
621 434 795 488 possunt,
808 426 837 464 ii
855 440 923 478 per
937 427 1239 489 imprudentiam
1253 426 1312 464 fa·

184 479 328 518 cillime
355 480 597 520 deducuntur
626 482 667 519 in
694 481 896 519 fraudem:
927 487 966 519 at
997 481 1040 530 11,
1072 481 1141 533 (1111
1171 481 1312 529 sciunt,

182 533 281 585 quid
299 535 383 573 aliis
402 535 592 583 aoeiderit,
605 535 730 584 facile,
747 549 795 574 85
807 535 973 574 3110111111
988 543 1141 584 eventu,
1158 536 1236 574 51115
1251 548 1313 574 13-

184 588 354 627 tionibus
378 597 538 642 possunt
556 590 766 642 providere.
808 590 935 628 Nulla
952 589 1071 640 igitur
1089 602 1129 628 re
1147 589 1311 637 inducti,

184 643 296 681 nulla
315 657 381 695 spe
398 643 500 692 freti,
521 657 630 682 arma
649 645 916 683 sustulerunt?
958 643 1058 691 Quis
1077 644 1149 682 hoc
1169 644 1311 689 credat,

181 703 334 735 tantam
352 698 561 737 amentiam
581 712 819 751 quemquam
837 698 1018 746 tenuisse,
1038 706 1084 736 ut
1105 697 1313 749 imperium

184 752 320 803 populi
340 752 509 791 Romani
528 761 674 792 tentare
695 754 865 801 auderet,
886 752 1004 792 nullis
1023 752 1140 804 copiis
1159 752 1279 790 fretus
1293 755 1312 791 ?

186 805 294 857 Ergo
324 807 471 858 aliquid
488 807 606 846 fuisse
624 821 773 846 necesse
792 815 872 847 est:
911 807 1006 859 quid
1024 806 1145 856 aliud,
1166 807 1240 845 nisi
1257 805 1312 855 id,

187 860 295 912 quod
314 861 412 911 dico,
432 869 556 913 potest
575 875 653 901 esse
667 863 713 901 ?''

240 914 295 953 X.
337 915 387 953 In
406 924 602 955 attenuato
620 918 755 968 figurae
773 929 924 968 genere,
945 915 1050 968 quod
1068 915 1118 954 ad
1135 914 1318 953 infimum

187 975 226 1007 et
256 970 528 1021 quotidianum
558 984 773 1010 sermonem
805 971 1016 1010 demissum
1045 978 1114 1019 est,
1140 970 1214 1009 hoc
1245 970 1316 1008 erit

187 1025 438 1085 exemplum:
471 1028 499 1048 “
521 1025 642 1074 Nam,
670 1033 715 1064 ut
740 1025 837 1064 forte
862 1025 958 1064 1118
948 1038 988 1063 111
1013 1025 1170 1064 balneas
1197 1025 1316 1072 venit,

188 1078 315 1130 coepit,
339 1086 546 1132 postquam
564 1080 741 1132 perfusus
761 1087 830 1127 est,
848 1080 1034 1119 defricati.
1064 1079 1231 1126 Deinde,
1247 1079 1319 1118 ubi

189 1132 317 1171 visum
336 1141 405 1182 est,
432 1142 476 1173 ut
495 1135 536 1172 in
555 1135 709 1173 alveum
728 1134 983 1183 descenderet,
1005 1147 1089 1173 8888
1107 1133 1163 1173 ibi
1179 1134 1250 1173 iste
1269 1133 1318 1172 de

189 1194 418 1236 transverso,
452 1191 465 1211 ‘
486 1189 626 1238 Heus,'
646 1189 788 1241 inquit,
821 1192 833 1211 ⁶
853 1189 1095 1228 adolescens!
1128 1189 1240 1240 pueri
1259 1188 1318 1226 tui

191 1241 308 1280 modo
325 1255 389 1281 me
407 1243 682 1304 pulsaverunt;
714 1243 920 1282 satisfacias
932 1243 1106 1295 oportet)
1137 1243 1230 1291 Hic,
1250 1242 1320 1294 qui

191 1295 233 1334 id
252 1297 372 1335 aetads
398 1299 446 1336 ab
465 1298 596 1349 ignoto
614 1306 752 1350 praeter
770 1298 1085 1336 consuetudinem
1104 1298 1320 1349 appellatus

192 1359 304 1398 esset,
326 1351 490 1390 erubuit.
521 1352 600 1390 Iste
620 1353 758 1391 81311115
771 1352 905 1391 eadem
918 1361 954 1391 et
968 1352 1044 1390 alia
1057 1352 1180 1390 dicere
1195 1352 1320 1403 coepit.

194 1404 275 1444 Hic
312 1405 377 1444 vix
414 1406 572 1445 tandem
607 1406 761 1459 inquit:
804 1410 816 1430 ‘
837 1407 929 1446 Sine
957 1419 1021 1445 me
1058 1405 1321 1446 considerare?

195 1459 304 1497 Tum
324 1473 412 1499 vero
430 1461 501 1500 iste
520 1461 631 1513 coepit
650 1462 814 1500 clamare
833 1474 923 1500 voce
946 1461 1035 1509 ista,
1066 1475 1154 1513 quae
1179 1462 1240 1499 vel
1264 1460 1322 1499 fa-

192 1514 268 1552 cile
293 1515 412 1554 cuivis
438 1517 594 1554 rubores
624 1516 757 1554 elicere
783 1524 935 1567 posset:
968 1518 980 1537 ⁶
998 1516 1061 1554 Ita
1087 1515 1265 1567 petulans
1284 1529 1323 1554 es

191 1576 311 1620 atque
336 1582 434 1617 acer,
463 1578 507 1608 ut
533 1583 581 1608 ne
607 1570 656 1608 ad
683 1571 864 1609 solarium
890 1569 1047 1631 quidem
1075 1570 1248 1617 idoneus,
1280 1578 1325 1608 ut

195 1623 483 1686 1111111111181111,
511 1624 577 1663 sed
602 1638 702 1677 pone
721 1637 887 1672 scenam,
907 1633 944 1662 et
963 1624 1003 1662 in
1023 1624 1212 1674 ejusmodi
1230 1625 1323 1663 10815

196 1677 424 1717 exercitatus
443 1679 520 1717 sis.'
551 1678 812 1718 Conturbatus
823 1686 879 1717 est
894 1678 1134 1717 adolescens:
1164 1691 1234 1718 nec
1249 1679 1324 1716 mi-

195 1744 299 1780 rum,
319 1732 382 1771 cm·
401 1733 516 1771 etiam
535 1746 639 1772 nunc
658 1734 857 1785 paedagogi
875 1733 960 1771 lites
975 1733 1024 1772 ad
1035 1733 1225 1772 auriculas
1240 1747 1324 1772 ver-

195 1794 384 1835 sarentur,
404 1787 582 1840 imperito
597 1788 786 1838 ejusmodi
805 1788 1074 1827 conviciorum.
1122 1787 1204 1826 Ubi
1219 1788 1323 1826 enim

195 1840 268 1879 iste
287 1841 441 1881 vidisset
459 1855 628 1881 scurram
649 1843 834 1883 exhausto
853 1844 1006 1889 rubore,
1026 1841 1096 1894 qui
1115 1854 1154 1880 se
1171 1849 1323 1894 putaret

198 1895 297 1933 nihil
314 1895 469 1945 habere,
482 1897 587 1949 quod
605 1896 653 1934 de
671 1896 951 1940 existimatione
969 1897 1156 1948 perderet,
1177 1904 1221 1934 ut
1240 1909 1324 1934 om-

199 1949 265 1987 nia
282 1949 364 1989 sine
381 1951 496 1989 famae
513 1951 741 1989 detrimento
760 1951 882 1990 facere
900 1958 1025 2002 posset
1042 1951 1088 1990 ?”
1120 1950 1246 2002 Igitur
1260 1964 1325 2001 gc-

197 2015 293 2042 nera
317 2005 532 2056 figurarum
557 2019 605 2044 85
629 2006 721 2057 ipsis
744 2006 931 2057 exemplis
949 2005 1114 2056 intelligi
1131 2013 1324 2056 poterunt..

199 2057 288 2097 Erit
317 2059 421 2097 enim
447 2067 485 2098 et
507 2067 703 2099 attenuata
729 2062 934 2099 verborum
963 2059 1191 2099 constructio
1223 2072 1328 2110 quae-

201 2112 309 2161 dam,
330 2120 368 2152 et
385 2113 479 2153 item
498 2114 575 2154 alia
591 2114 633 2152 in
651 2114 851 2166 gravitate,
877 2114 954 2152 alia
975 2113 1100 2166 posita
1120 2113 1161 2152 in
1185 2112 1331 2152 medio-

203 2175 350 2206 cntate.

257 2221 335 2261 Est
352 2229 482 2263 autem
502 2222 730 2274 cavendum,
751 2236 814 2273 ne,
827 2223 923 2262 dum
935 2221 1017 2262 haec
1029 2234 1170 2276 genera
1183 2233 1333 2261 consec-
