<?xml version="1.0" encoding="UTF-8"?>
<!DOCTYPE html PUBLIC "-//W3C//DTD XHTML 1.0 Transitional//EN"
    "http://www.w3.org/TR/xhtml1/DTD/xhtml1-transitional.dtd">
<html xmlns="http://www.w3.org/1999/xhtml" xml:lang="en" lang="en">
 <head>
  <title>
</title>
<meta http-equiv="Content-Type" content="text/html;charset=utf-8" />
  <meta name='ocr-system' content='tesseract 3.04.00' />
  <meta name='ocr-capabilities' content='ocr_page ocr_carea ocr_par ocr_line ocrx_word'/>
</head>
<body>
  <div class='ocr_page' id='page_1' title='image "./operaern02ciceuoft_0270.png"; bbox 0 0 1456 2396; ppageno 0'>
   <div class='ocr_carea' id='block_1_1' title="bbox 165 87 1176 141">
    <p class='ocr_par' dir='ltr' id='par_1_1' title="bbox 165 87 1176 141">
     <span class='ocr_line' id='line_1_1' title="bbox 165 87 1176 141; baseline 0 -12"><span class='ocrx_word' id='word_1_1' title='bbox 165 89 246 130; x_wconf 80' lang='lat'>256</span> <span class='ocrx_word' id='word_1_2' title='bbox 273 87 357 130; x_wconf 91' lang='lat' dir='ltr'>AD</span> <span class='ocrx_word' id='word_1_3' title='bbox 378 88 762 141; x_wconf 87' lang='lat' dir='ltr'>HERENNIUM,</span> <span class='ocrx_word' id='word_1_4' title='bbox 780 89 880 131; x_wconf 78' lang='lat' dir='ltr'>Lm.</span> <span class='ocrx_word' id='word_1_5' title='bbox 895 89 972 131; x_wconf 87' lang='lat' dir='ltr'>IV.</span> <span class='ocrx_word' id='word_1_6' title='bbox 989 89 1096 131; x_wconf 76' lang='lat' dir='ltr'>CAP.</span> <span class='ocrx_word' id='word_1_7' title='bbox 1109 89 1176 129; x_wconf 82' lang='lat'>51.</span> 
     </span>
    </p>
   </div>
   <div class='ocr_carea' id='block_1_2' title="bbox 163 196 1303 2270">
    <p class='ocr_par' dir='ltr' id='par_1_2' title="bbox 163 196 1303 1982">
     <span class='ocr_line' id='line_1_2' title="bbox 163 196 1290 252; baseline -0.002 -14"><span class='ocrx_word' id='word_1_8' title='bbox 163 199 337 251; x_wconf 86' lang='lat' dir='ltr'>pecuniae</span> <span class='ocrx_word' id='word_1_9' title='bbox 354 199 590 240; x_wconf 70' lang='lat' dir='ltr'>describere.</span> <span class='ocrx_word' id='word_1_10' title='bbox 613 200 643 224; x_wconf 72' lang='lat'>‘⁶</span> <span class='ocrx_word' id='word_1_11' title='bbox 658 199 752 249; x_wconf 88' lang='lat' dir='ltr'>Iste,</span> <span class='ocrx_word' id='word_1_12' title='bbox 756 200 805 219; x_wconf 93' lang='grc'>”</span> <span class='ocrx_word' id='word_1_13' title='bbox 794 200 960 252; x_wconf 87' lang='lat' dir='ltr'>mquies,</span> <span class='ocrx_word' id='word_1_14' title='bbox 981 201 1010 224; x_wconf 90' lang='lat'>“</span> <span class='ocrx_word' id='word_1_15' title='bbox 1028 198 1190 250; x_wconf 85' lang='lat' dir='ltr'>judices,</span> <span class='ocrx_word' id='word_1_16' title='bbox 1205 196 1290 251; x_wconf 89' lang='lat' dir='ltr'>qui,</span> 
     </span>
     <span class='ocr_line' id='line_1_3' title="bbox 163 253 1293 308; baseline -0.001 -16"><span class='ocrx_word' id='word_1_17' title='bbox 163 266 204 292; x_wconf 93' lang='lat' dir='ltr'>se</span> <span class='ocrx_word' id='word_1_18' title='bbox 223 253 299 292; x_wconf 85' lang='lat' dir='ltr'>dici</span> <span class='ocrx_word' id='word_1_19' title='bbox 316 254 490 304; x_wconf 83' lang='lat' dir='ltr'>divitem,</span> <span class='ocrx_word' id='word_1_20' title='bbox 510 261 624 308; x_wconf 87' lang='lat' dir='ltr'>putat</span> <span class='ocrx_word' id='word_1_21' title='bbox 641 267 720 294; x_wconf 90' lang='lat' dir='ltr'>esse</span> <span class='ocrx_word' id='word_1_22' title='bbox 733 255 976 308; x_wconf 71' lang='lat' dir='ltr'>praeclarum,</span> <span class='ocrx_word' id='word_1_23' title='bbox 995 253 1170 306; x_wconf 90' lang='lat' dir='ltr'>primum</span> <span class='ocrx_word' id='word_1_24' title='bbox 1186 264 1293 291; x_wconf 89' lang='lat' dir='ltr'>nunc</span> 
     </span>
     <span class='ocr_line' id='line_1_4' title="bbox 164 306 1292 361; baseline -0.002 -14"><span class='ocrx_word' id='word_1_25' title='bbox 164 307 306 358; x_wconf 85' lang='lat' dir='ltr'>videte,</span> <span class='ocrx_word' id='word_1_26' title='bbox 327 321 405 361; x_wconf 92' lang='lat' dir='ltr'>quo</span> <span class='ocrx_word' id='word_1_27' title='bbox 424 310 534 349; x_wconf 81' lang='lat' dir='ltr'>vultu</span> <span class='ocrx_word' id='word_1_28' title='bbox 553 321 623 348; x_wconf 86' lang='lat' dir='ltr'>nos</span> <span class='ocrx_word' id='word_1_29' title='bbox 640 309 848 349; x_wconf 62' lang='lat' dir='ltr'>intueatur.</span> <span class='ocrx_word' id='word_1_30' title='bbox 890 309 1035 348; x_wconf 87' lang='lat' dir='ltr'><strong>Nonne</strong></span> <span class='ocrx_word' id='word_1_31' title='bbox 1052 308 1160 348; x_wconf 84' lang='lat' dir='ltr'>vobis</span> <span class='ocrx_word' id='word_1_32' title='bbox 1184 306 1292 346; x_wconf 87' lang='lat' dir='ltr'>vide-</span> 
     </span>
     <span class='ocr_line' id='line_1_5' title="bbox 164 361 1293 413; baseline -0.001 -13"><span class='ocrx_word' id='word_1_33' title='bbox 164 367 230 400; x_wconf 85' lang='lat' dir='ltr'>tur</span> <span class='ocrx_word' id='word_1_34' title='bbox 247 362 394 402; x_wconf 78' lang='lat' dir='ltr'>dicere.</span> <span class='ocrx_word' id='word_1_35' title='bbox 420 363 583 413; x_wconf 90' lang='lat' dir='ltr'>Darem,</span> <span class='ocrx_word' id='word_1_36' title='bbox 599 363 631 403; x_wconf 93' lang='lat' dir='ltr'>si</span> <span class='ocrx_word' id='word_1_37' title='bbox 644 363 742 402; x_wconf 88' lang='lat' dir='ltr'>mihi</span> <span class='ocrx_word' id='word_1_38' title='bbox 753 363 905 403; x_wconf 88' lang='lat' dir='ltr'>molesti</span> <span class='ocrx_word' id='word_1_39' title='bbox 916 369 994 402; x_wconf 87' lang='lat' dir='ltr'>non</span> <span class='ocrx_word' id='word_1_40' title='bbox 1007 363 1167 402; x_wconf 83' lang='lat' dir='ltr'>essetis?</span> <span class='ocrx_word' id='word_1_41' title='bbox 1187 361 1293 401; x_wconf 90' lang='lat' dir='ltr'>Cum</span> 
     </span>
     <span class='ocr_line' id='line_1_6' title="bbox 166 417 1293 478; baseline -0.001 -23"><span class='ocrx_word' id='word_1_42' title='bbox 166 429 256 455; x_wconf 84' lang='lat' dir='ltr'>vero</span> <span class='ocrx_word' id='word_1_43' title='bbox 276 417 428 456; x_wconf 83' lang='lat' dir='ltr'>sinistra</span> <span class='ocrx_word' id='word_1_44' title='bbox 445 426 623 457; x_wconf 89' lang='lat' dir='ltr'>mentum</span> <span class='ocrx_word' id='word_1_45' title='bbox 643 419 829 467; x_wconf 88' lang='lat' dir='ltr'>sublevat,</span> <span class='ocrx_word' id='word_1_46' title='bbox 850 418 1046 457; x_wconf 78' lang='lat' dir='ltr'>existimat</span> <span class='ocrx_word' id='word_1_47' title='bbox 1063 430 1103 456; x_wconf 86' lang='lat' dir='ltr'>se</span> <span class='ocrx_word' id='word_1_48' title='bbox 1127 428 1293 478; x_wconf 81' lang='lat' dir='ltr'>gemmae</span> 
     </span>
     <span class='ocr_line' id='line_1_7' title="bbox 167 469 1295 525; baseline 0.001 -17"><span class='ocrx_word' id='word_1_49' title='bbox 167 469 292 510; x_wconf 78' lang='lat' dir='ltr'>nitore</span> <span class='ocrx_word' id='word_1_50' title='bbox 311 479 349 510; x_wconf 88' lang='lat' dir='ltr'>et</span> <span class='ocrx_word' id='word_1_51' title='bbox 367 472 451 510; x_wconf 82' lang='lat' dir='ltr'>aun‘</span> <span class='ocrx_word' id='word_1_52' title='bbox 471 473 670 525; x_wconf 85' lang='lat' dir='ltr'><strong>splendore</strong></span> <span class='ocrx_word' id='word_1_53' title='bbox 689 473 890 525; x_wconf 87' lang='lat' dir='ltr'>adspectus</span> <span class='ocrx_word' id='word_1_54' title='bbox 905 472 1081 511; x_wconf 89' lang='lat' dir='ltr'>omnium</span> <span class='ocrx_word' id='word_1_55' title='bbox 1100 470 1295 524; x_wconf 70' lang='lat' dir='ltr'>praestrin-</span> 
     </span>
     <span class='ocr_line' id='line_1_8' title="bbox 167 526 1295 588; baseline 0 -25"><span class='ocrx_word' id='word_1_56' title='bbox 167 537 269 588; x_wconf 80' lang='lat' dir='ltr'>gere.</span> <span class='ocrx_word' id='word_1_57' title='bbox 300 526 403 564; x_wconf 92' lang='lat' dir='ltr'>Cum</span> <span class='ocrx_word' id='word_1_58' title='bbox 421 540 587 579; x_wconf 91' lang='lat' dir='ltr'>puerum</span> <span class='ocrx_word' id='word_1_59' title='bbox 612 528 764 580; x_wconf 87' lang='lat' dir='ltr'><strong>respicit</strong></span> <span class='ocrx_word' id='word_1_60' title='bbox 782 528 886 566; x_wconf 85' lang='lat' dir='ltr'>hune</span> <span class='ocrx_word' id='word_1_61' title='bbox 911 539 1051 588; x_wconf 72' lang='lat' dir='ltr'>unum,</span> <span class='ocrx_word' id='word_1_62' title='bbox 1079 538 1197 578; x_wconf 90' lang='lat' dir='ltr'>quem</span> <span class='ocrx_word' id='word_1_63' title='bbox 1223 536 1295 576; x_wconf 87' lang='lat' dir='ltr'>ego</span> 
     </span>
     <span class='ocr_line' id='line_1_9' title="bbox 167 579 1293 632; baseline 0.001 -15"><span class='ocrx_word' id='word_1_64' title='bbox 167 580 272 629; x_wconf 86' lang='lat' dir='ltr'>novi,</span> <span class='ocrx_word' id='word_1_65' title='bbox 295 583 378 625; x_wconf 87' lang='lat' dir='ltr'>(vos</span> <span class='ocrx_word' id='word_1_66' title='bbox 397 594 474 620; x_wconf 92' lang='lat' dir='ltr'>non</span> <span class='ocrx_word' id='word_1_67' title='bbox 493 581 655 620; x_wconf 83' lang='lat' dir='ltr'><strong>arbitror</strong></span> <span class='ocrx_word' id='word_1_68' title='bbox 668 582 833 630; x_wconf 89' lang='lat' dir='ltr'>novisse)</span> <span class='ocrx_word' id='word_1_69' title='bbox 849 582 925 620; x_wconf 92' lang='lat' dir='ltr'>alio</span> <span class='ocrx_word' id='word_1_70' title='bbox 939 581 1095 620; x_wconf 88' lang='lat' dir='ltr'>nomine</span> <span class='ocrx_word' id='word_1_71' title='bbox 1109 579 1293 632; x_wconf 84' lang='lat' dir='ltr'>appellat,</span> 
     </span>
     <span class='ocr_line' id='line_1_10' title="bbox 167 632 1293 696; baseline 0.001 -25"><span class='ocrx_word' id='word_1_72' title='bbox 167 632 305 673; x_wconf 91' lang='lat' dir='ltr'>deinde</span> <span class='ocrx_word' id='word_1_73' title='bbox 324 635 400 674; x_wconf 92' lang='lat' dir='ltr'>alio</span> <span class='ocrx_word' id='word_1_74' title='bbox 414 643 529 688; x_wconf 90' lang='lat' dir='ltr'>atque</span> <span class='ocrx_word' id='word_1_75' title='bbox 541 637 635 675; x_wconf 87' lang='lat' dir='ltr'>alio:</span> <span class='ocrx_word' id='word_1_76' title='bbox 659 636 769 675; x_wconf 90' lang='lat' dir='ltr'>Heus</span> <span class='ocrx_word' id='word_1_77' title='bbox 784 644 842 685; x_wconf 90' lang='lat' dir='ltr'>tu,</span> <span class='ocrx_word' id='word_1_78' title='bbox 863 637 1003 688; x_wconf 90' lang='lat' dir='ltr'>inquit,</span> <span class='ocrx_word' id='word_1_79' title='bbox 1018 635 1120 685; x_wconf 88' lang='lat' dir='ltr'>veni,</span> <span class='ocrx_word' id='word_1_80' title='bbox 1133 633 1293 696; x_wconf 77' lang='lat' dir='ltr'>Sannio,</span> 
     </span>
     <span class='ocr_line' id='line_1_11' title="bbox 166 689 1294 742; baseline 0.001 -16"><span class='ocrx_word' id='word_1_81' title='bbox 166 699 216 727; x_wconf 87' lang='lat' dir='ltr'>ne</span> <span class='ocrx_word' id='word_1_82' title='bbox 235 689 331 741; x_wconf 91' lang='lat' dir='ltr'>quid</span> <span class='ocrx_word' id='word_1_83' title='bbox 349 689 412 728; x_wconf 89' lang='lat' dir='ltr'>isti</span> <span class='ocrx_word' id='word_1_84' title='bbox 430 691 582 729; x_wconf 88' lang='lat' dir='ltr'>barbari</span> <span class='ocrx_word' id='word_1_85' title='bbox 602 693 782 730; x_wconf 83' lang='lat' dir='ltr'>turbent:</span> <span class='ocrx_word' id='word_1_86' title='bbox 813 699 858 729; x_wconf 91' lang='lat' dir='ltr'>ut</span> <span class='ocrx_word' id='word_1_87' title='bbox 877 690 1013 742; x_wconf 85' lang='lat' dir='ltr'>ignoti,</span> <span class='ocrx_word' id='word_1_88' title='bbox 1027 690 1095 742; x_wconf 87' lang='lat' dir='ltr'>qui</span> <span class='ocrx_word' id='word_1_89' title='bbox 1115 702 1164 728; x_wconf 91' lang='lat' dir='ltr'>au</span> <span class='ocrx_word' id='word_1_90' title='bbox 1166 689 1294 737; x_wconf 83' lang='lat' dir='ltr'>diunt,</span> 
     </span>
     <span class='ocr_line' id='line_1_12' title="bbox 166 745 1297 797; baseline -0.001 -16"><span class='ocrx_word' id='word_1_91' title='bbox 166 755 293 782; x_wconf 90' lang='lat' dir='ltr'>unum</span> <span class='ocrx_word' id='word_1_92' title='bbox 312 752 450 796; x_wconf 90' lang='lat' dir='ltr'>putent</span> <span class='ocrx_word' id='word_1_93' title='bbox 468 745 558 797; x_wconf 81' lang='lat' dir='ltr'>eligi</span> <span class='ocrx_word' id='word_1_94' title='bbox 577 745 624 784; x_wconf 91' lang='lat' dir='ltr'>de</span> <span class='ocrx_word' id='word_1_95' title='bbox 642 746 776 784; x_wconf 86' lang='lat' dir='ltr'>multis</span> <span class='ocrx_word' id='word_1_96' title='bbox 794 760 803 784; x_wconf 74' lang='lat' dir='ltr'>t</span> <span class='ocrx_word' id='word_1_97' title='bbox 835 746 870 784; x_wconf 91' lang='lat' dir='ltr'>ei</span> <span class='ocrx_word' id='word_1_98' title='bbox 889 745 981 783; x_wconf 87' lang='lat' dir='ltr'>dicit</span> <span class='ocrx_word' id='word_1_99' title='bbox 999 745 1039 782; x_wconf 91' lang='lat' dir='ltr'>in</span> <span class='ocrx_word' id='word_1_100' title='bbox 1059 756 1208 792; x_wconf 87' lang='lat' dir='ltr'>aurem,</span> <span class='ocrx_word' id='word_1_101' title='bbox 1229 749 1297 781; x_wconf 88' lang='lat' dir='ltr'>aut</span> 
     </span>
     <span class='ocr_line' id='line_1_13' title="bbox 166 798 1297 849; baseline 0 -14"><span class='ocrx_word' id='word_1_102' title='bbox 166 805 213 836; x_wconf 89' lang='lat' dir='ltr'>ut</span> <span class='ocrx_word' id='word_1_103' title='bbox 231 798 338 837; x_wconf 88' lang='lat' dir='ltr'>domi</span> <span class='ocrx_word' id='word_1_104' title='bbox 355 799 486 838; x_wconf 87' lang='lat' dir='ltr'>lectuli</span> <span class='ocrx_word' id='word_1_105' title='bbox 511 807 742 849; x_wconf 83' lang='lat' dir='ltr'>sternantur,</span> <span class='ocrx_word' id='word_1_106' title='bbox 771 807 838 838; x_wconf 88' lang='lat' dir='ltr'>aut</span> <span class='ocrx_word' id='word_1_107' title='bbox 863 802 912 838; x_wconf 93' lang='lat' dir='ltr'>ab</span> <span class='ocrx_word' id='word_1_108' title='bbox 931 799 1122 838; x_wconf 85' lang='lat' dir='ltr'>avunculo</span> <span class='ocrx_word' id='word_1_109' title='bbox 1141 804 1297 849; x_wconf 84' lang='lat' dir='ltr'>rogetur</span> 
     </span>
     <span class='ocr_line' id='line_1_14' title="bbox 167 852 1297 906; baseline 0 -16"><span class='ocrx_word' id='word_1_110' title='bbox 167 852 367 904; x_wconf 89' lang='lat' dir='ltr'>AEthiops,</span> <span class='ocrx_word' id='word_1_111' title='bbox 388 854 456 906; x_wconf 93' lang='lat' dir='ltr'>qui</span> <span class='ocrx_word' id='word_1_112' title='bbox 475 854 524 892; x_wconf 92' lang='lat' dir='ltr'>ad</span> <span class='ocrx_word' id='word_1_113' title='bbox 543 854 698 892; x_wconf 83' lang='lat' dir='ltr'>balneas</span> <span class='ocrx_word' id='word_1_114' title='bbox 717 854 859 903; x_wconf 86' lang='lat' dir='ltr'>veniat,</span> <span class='ocrx_word' id='word_1_115' title='bbox 880 862 947 892; x_wconf 89' lang='lat' dir='ltr'>aut</span> <span class='ocrx_word' id='word_1_116' title='bbox 973 852 1165 892; x_wconf 88' lang='lat' dir='ltr'>asturconi</span> <span class='ocrx_word' id='word_1_117' title='bbox 1189 852 1297 890; x_wconf 87' lang='lat' dir='ltr'>locus</span> 
     </span>
     <span class='ocr_line' id='line_1_15' title="bbox 169 906 1299 960; baseline 0 -16"><span class='ocrx_word' id='word_1_118' title='bbox 169 914 259 945; x_wconf 88' lang='lat' dir='ltr'>ante</span> <span class='ocrx_word' id='word_1_119' title='bbox 286 907 428 946; x_wconf 88' lang='lat' dir='ltr'>ostium</span> <span class='ocrx_word' id='word_1_120' title='bbox 457 921 572 947; x_wconf 91' lang='lat' dir='ltr'>suum</span> <span class='ocrx_word' id='word_1_121' title='bbox 600 908 726 957; x_wconf 91' lang='lat' dir='ltr'>detur,</span> <span class='ocrx_word' id='word_1_122' title='bbox 755 916 823 946; x_wconf 87' lang='lat' dir='ltr'>aut</span> <span class='ocrx_word' id='word_1_123' title='bbox 848 908 1004 960; x_wconf 79' lang='lat' dir='ltr'>aliquod</span> <span class='ocrx_word' id='word_1_124' title='bbox 1030 907 1166 960; x_wconf 80' lang='lat' dir='ltr'>fragile</span> <span class='ocrx_word' id='word_1_125' title='bbox 1191 906 1299 944; x_wconf 88' lang='lat' dir='ltr'>falsae</span> 
     </span>
     <span class='ocr_line' id='line_1_16' title="bbox 168 961 1300 1014; baseline -0.001 -15"><span class='ocrx_word' id='word_1_126' title='bbox 168 961 394 1013; x_wconf 85' lang='lat' dir='ltr'>choragium</span> <span class='ocrx_word' id='word_1_127' title='bbox 414 963 545 1014; x_wconf 87' lang='lat' dir='ltr'>gloriae</span> <span class='ocrx_word' id='word_1_128' title='bbox 564 970 816 1014; x_wconf 85' lang='lat' dir='ltr'>comparetur.</span> <span class='ocrx_word' id='word_1_129' title='bbox 858 962 1010 1001; x_wconf 87' lang='lat' dir='ltr'>Deinde</span> <span class='ocrx_word' id='word_1_130' title='bbox 1030 962 1234 1008; x_wconf 81' lang='lat' dir='ltr'>exclamat,</span> <span class='ocrx_word' id='word_1_131' title='bbox 1254 968 1300 999; x_wconf 90' lang='lat' dir='ltr'>ut</span> 
     </span>
     <span class='ocr_line' id='line_1_17' title="bbox 169 1015 1301 1069; baseline 0.001 -17"><span class='ocrx_word' id='word_1_132' title='bbox 169 1027 305 1054; x_wconf 89' lang='lat' dir='ltr'>omnes</span> <span class='ocrx_word' id='word_1_133' title='bbox 324 1016 507 1055; x_wconf 86' lang='lat' dir='ltr'>audiant:</span> <span class='ocrx_word' id='word_1_134' title='bbox 539 1017 696 1065; x_wconf 88' lang='lat' dir='ltr'>Videto‚</span> <span class='ocrx_word' id='word_1_135' title='bbox 717 1024 762 1055; x_wconf 82' lang='lat' dir='ltr'>ut</span> <span class='ocrx_word' id='word_1_136' title='bbox 779 1017 982 1069; x_wconf 82' lang='lat' dir='ltr'>diligenter</span> <span class='ocrx_word' id='word_1_137' title='bbox 1009 1023 1247 1064; x_wconf 85' lang='lat' dir='ltr'>numeretur,</span> <span class='ocrx_word' id='word_1_138' title='bbox 1269 1015 1301 1054; x_wconf 89' lang='lat' dir='ltr'>si</span> 
     </span>
     <span class='ocr_line' id='line_1_18' title="bbox 167 1046 1299 1124; baseline 0 -16"><span class='ocrx_word' id='word_1_139' title='bbox 167 1078 308 1122; x_wconf 86' lang='lat' dir='ltr'>potest,</span> <span class='ocrx_word' id='word_1_140' title='bbox 336 1079 425 1110; x_wconf 90' lang='lat' dir='ltr'>ante</span> <span class='ocrx_word' id='word_1_141' title='bbox 451 1078 614 1110; x_wconf 88' lang='lat' dir='ltr'>noctem.</span> <span class='ocrx_word' id='word_1_142' title='bbox 657 1046 776 1119; x_wconf 63' lang='lat' dir='ltr'>P&#39;uer,</span> <span class='ocrx_word' id='word_1_143' title='bbox 804 1072 873 1124; x_wconf 92' lang='lat' dir='ltr'>qui</span> <span class='ocrx_word' id='word_1_144' title='bbox 898 1073 981 1122; x_wconf 88' lang='lat' dir='ltr'>jam</span> <span class='ocrx_word' id='word_1_145' title='bbox 1005 1073 1105 1110; x_wconf 92' lang='lat' dir='ltr'>bene</span> <span class='ocrx_word' id='word_1_146' title='bbox 1129 1070 1299 1109; x_wconf 91' lang='lat' dir='ltr'>hominis</span> 
     </span>
     <span class='ocr_line' id='line_1_19' title="bbox 169 1124 1298 1188; baseline 0 -26"><span class='ocrx_word' id='word_1_147' title='bbox 169 1132 350 1162; x_wconf 88' lang='lat' dir='ltr'>naturam</span> <span class='ocrx_word' id='word_1_148' title='bbox 365 1125 486 1173; x_wconf 80' lang='lat' dir='ltr'>novit,</span> <span class='ocrx_word' id='word_1_149' title='bbox 506 1125 573 1164; x_wconf 88' lang='lat' dir='ltr'>Tu</span> <span class='ocrx_word' id='word_1_150' title='bbox 593 1125 661 1165; x_wconf 89' lang='lat' dir='ltr'>illo</span> <span class='ocrx_word' id='word_1_151' title='bbox 679 1126 808 1178; x_wconf 60' lang='lat' dir='ltr'>plures</span> <span class='ocrx_word' id='word_1_152' title='bbox 827 1125 958 1164; x_wconf 84' lang='lat' dir='ltr'>mittas</span> <span class='ocrx_word' id='word_1_153' title='bbox 977 1133 1139 1188; x_wconf 88' lang='lat' dir='ltr'>oportet,</span> <span class='ocrx_word' id='word_1_154' title='bbox 1155 1124 1298 1176; x_wconf 88' lang='lat' dir='ltr'>inquit,</span> 
     </span>
     <span class='ocr_line' id='line_1_20' title="bbox 169 1178 1300 1233; baseline 0.001 -16"><span class='ocrx_word' id='word_1_155' title='bbox 169 1178 202 1217; x_wconf 87' lang='lat' dir='ltr'>si</span> <span class='ocrx_word' id='word_1_156' title='bbox 220 1179 334 1218; x_wconf 87' lang='lat' dir='ltr'>hodie</span> <span class='ocrx_word' id='word_1_157' title='bbox 354 1180 410 1219; x_wconf 84' lang='lat' dir='ltr'>vis</span> <span class='ocrx_word' id='word_1_158' title='bbox 430 1180 741 1221; x_wconf 85' lang='lat' dir='ltr'>transnumerari.</span> <span class='ocrx_word' id='word_1_159' title='bbox 782 1180 886 1232; x_wconf 82' lang='lat' dir='ltr'>Age,</span> <span class='ocrx_word' id='word_1_160' title='bbox 915 1180 1057 1233; x_wconf 90' lang='lat' dir='ltr'>inquit,</span> <span class='ocrx_word' id='word_1_161' title='bbox 1077 1179 1153 1219; x_wconf 91' lang='lat' dir='ltr'>duc</span> <span class='ocrx_word' id='word_1_162' title='bbox 1172 1188 1300 1218; x_wconf 87' lang='lat' dir='ltr'>tecum</span> 
     </span>
     <span class='ocr_line' id='line_1_21' title="bbox 170 1233 1300 1274; baseline -0.001 -2"><span class='ocrx_word' id='word_1_163' title='bbox 170 1233 371 1272; x_wconf 88' lang='lat' dir='ltr'>Libanum</span> <span class='ocrx_word' id='word_1_164' title='bbox 406 1242 443 1273; x_wconf 94' lang='lat' dir='ltr'>et</span> <span class='ocrx_word' id='word_1_165' title='bbox 473 1235 634 1273; x_wconf 79' lang='lat' dir='ltr'>Sosiam.</span> <span class='ocrx_word' id='word_1_166' title='bbox 676 1235 788 1274; x_wconf 89' lang='lat' dir='ltr'>Sane.</span> <span class='ocrx_word' id='word_1_167' title='bbox 830 1235 984 1274; x_wconf 88' lang='lat' dir='ltr'>Deinde</span> <span class='ocrx_word' id='word_1_168' title='bbox 1015 1247 1105 1273; x_wconf 87' lang='lat' dir='ltr'>casu</span> <span class='ocrx_word' id='word_1_169' title='bbox 1139 1233 1300 1273; x_wconf 87' lang='lat' dir='ltr'>veniunt</span> 
     </span>
     <span class='ocr_line' id='line_1_22' title="bbox 169 1287 1301 1342; baseline 0 -16"><span class='ocrx_word' id='word_1_170' title='bbox 169 1287 339 1340; x_wconf 84' lang='lat' dir='ltr'>hospites</span> <span class='ocrx_word' id='word_1_171' title='bbox 357 1288 521 1335; x_wconf 80' lang='lat' dir='ltr'>homini,</span> <span class='ocrx_word' id='word_1_172' title='bbox 542 1289 610 1342; x_wconf 89' lang='lat' dir='ltr'>qui</span> <span class='ocrx_word' id='word_1_173' title='bbox 629 1290 748 1328; x_wconf 89' lang='lat' dir='ltr'>istum</span> <span class='ocrx_word' id='word_1_174' title='bbox 775 1289 988 1342; x_wconf 85' lang='lat' dir='ltr'>splendide,</span> <span class='ocrx_word' id='word_1_175' title='bbox 1016 1289 1112 1327; x_wconf 89' lang='lat' dir='ltr'>dum</span> <span class='ocrx_word' id='word_1_176' title='bbox 1131 1288 1301 1341; x_wconf 87' lang='lat' dir='ltr'>peregri-</span> 
     </span>
     <span class='ocr_line' id='line_1_23' title="bbox 170 1344 1301 1396; baseline 0.002 -16"><span class='ocrx_word' id='word_1_177' title='bbox 170 1351 341 1392; x_wconf 86' lang='lat' dir='ltr'>naretur,</span> <span class='ocrx_word' id='word_1_178' title='bbox 373 1352 603 1396; x_wconf 85' lang='lat' dir='ltr'>receperant.</span> <span class='ocrx_word' id='word_1_179' title='bbox 645 1344 710 1382; x_wconf 82' lang='lat' dir='ltr'>Ex</span> <span class='ocrx_word' id='word_1_180' title='bbox 736 1345 782 1383; x_wconf 66' lang='lat' dir='ltr'>ea</span> <span class='ocrx_word' id='word_1_181' title='bbox 811 1358 852 1383; x_wconf 89' lang='lat' dir='ltr'>re</span> <span class='ocrx_word' id='word_1_182' title='bbox 881 1344 1013 1394; x_wconf 90' lang='lat' dir='ltr'>homo,</span> <span class='ocrx_word' id='word_1_183' title='bbox 1041 1344 1181 1393; x_wconf 87' lang='lat' dir='ltr'>hercle,</span> <span class='ocrx_word' id='word_1_184' title='bbox 1209 1355 1301 1382; x_wconf 82' lang='lat' dir='ltr'>sane</span> 
     </span>
     <span class='ocr_line' id='line_1_24' title="bbox 169 1397 1299 1437; baseline 0.002 -2"><span class='ocrx_word' id='word_1_185' title='bbox 169 1399 444 1436; x_wconf 86' lang='lat' dir='ltr'>conturbatur:</span> <span class='ocrx_word' id='word_1_186' title='bbox 477 1399 541 1437; x_wconf 90' lang='lat' dir='ltr'>sed</span> <span class='ocrx_word' id='word_1_187' title='bbox 561 1407 690 1437; x_wconf 88' lang='lat' dir='ltr'>tamen</span> <span class='ocrx_word' id='word_1_188' title='bbox 710 1412 733 1437; x_wconf 93' lang='lat' dir='ltr'>a</span> <span class='ocrx_word' id='word_1_189' title='bbox 752 1399 844 1437; x_wconf 87' lang='lat' dir='ltr'>vitio</span> <span class='ocrx_word' id='word_1_190' title='bbox 870 1406 1018 1437; x_wconf 88' lang='lat' dir='ltr'>naturae</span> <span class='ocrx_word' id='word_1_191' title='bbox 1042 1411 1121 1437; x_wconf 92' lang='lat' dir='ltr'>non</span> <span class='ocrx_word' id='word_1_192' title='bbox 1146 1397 1299 1437; x_wconf 84' lang='lat' dir='ltr'>recedit.</span> 
     </span>
     <span class='ocr_line' id='line_1_25' title="bbox 170 1452 1300 1505; baseline 0.001 -15"><span class='ocrx_word' id='word_1_193' title='bbox 170 1452 295 1501; x_wconf 90' lang='lat' dir='ltr'>Bene,</span> <span class='ocrx_word' id='word_1_194' title='bbox 316 1453 457 1505; x_wconf 84' lang='lat' dir='ltr'>inquit,</span> <span class='ocrx_word' id='word_1_195' title='bbox 478 1453 615 1502; x_wconf 84' lang='lat' dir='ltr'>facitis,</span> <span class='ocrx_word' id='word_1_196' title='bbox 643 1467 733 1492; x_wconf 91' lang='lat' dir='ltr'>cum</span> <span class='ocrx_word' id='word_1_197' title='bbox 753 1454 888 1492; x_wconf 88' lang='lat' dir='ltr'>venitis</span> <span class='ocrx_word' id='word_1_198' title='bbox 906 1469 915 1492; x_wconf 90' lang='lat'>:</span> <span class='ocrx_word' id='word_1_199' title='bbox 948 1454 1014 1492; x_wconf 89' lang='lat' dir='ltr'>sed</span> <span class='ocrx_word' id='word_1_200' title='bbox 1033 1453 1171 1492; x_wconf 85' lang='lat' dir='ltr'>rectius</span> <span class='ocrx_word' id='word_1_201' title='bbox 1189 1452 1300 1491; x_wconf 87' lang='lat' dir='ltr'>fecis-</span> 
     </span>
     <span class='ocr_line' id='line_1_26' title="bbox 171 1507 1300 1555; baseline 0 -10"><span class='ocrx_word' id='word_1_202' title='bbox 171 1507 274 1555; x_wconf 89' lang='lat' dir='ltr'>setis,</span> <span class='ocrx_word' id='word_1_203' title='bbox 295 1507 327 1546; x_wconf 87' lang='lat' dir='ltr'>si</span> <span class='ocrx_word' id='word_1_204' title='bbox 341 1508 390 1545; x_wconf 89' lang='lat' dir='ltr'>ad</span> <span class='ocrx_word' id='word_1_205' title='bbox 409 1521 472 1546; x_wconf 92' lang='lat' dir='ltr'>me</span> <span class='ocrx_word' id='word_1_206' title='bbox 491 1508 653 1546; x_wconf 88' lang='lat' dir='ltr'>domum</span> <span class='ocrx_word' id='word_1_207' title='bbox 673 1508 774 1547; x_wconf 66' lang='lat' dir='ltr'>recta</span> <span class='ocrx_word' id='word_1_208' title='bbox 787 1508 983 1547; x_wconf 85' lang='lat' dir='ltr'>abiissetis.</span> <span class='ocrx_word' id='word_1_209' title='bbox 1005 1508 1054 1546; x_wconf 93' lang='lat' dir='ltr'>Id</span> <span class='ocrx_word' id='word_1_210' title='bbox 1066 1508 1300 1555; x_wconf 88' lang='lat' dir='ltr'>fecissemus,</span> 
     </span>
     <span class='ocr_line' id='line_1_27' title="bbox 171 1561 1302 1614; baseline 0.001 -15"><span class='ocrx_word' id='word_1_211' title='bbox 171 1561 356 1613; x_wconf 89' lang='lat' dir='ltr'>inquiunt</span> <span class='ocrx_word' id='word_1_212' title='bbox 374 1563 446 1611; x_wconf 88' lang='lat' dir='ltr'>illi,</span> <span class='ocrx_word' id='word_1_213' title='bbox 468 1563 499 1600; x_wconf 90' lang='lat' dir='ltr'>si</span> <span class='ocrx_word' id='word_1_214' title='bbox 525 1563 686 1601; x_wconf 88' lang='lat' dir='ltr'>domum</span> <span class='ocrx_word' id='word_1_215' title='bbox 714 1563 964 1602; x_wconf 88' lang='lat' dir='ltr'>novissemus.</span> <span class='ocrx_word' id='word_1_216' title='bbox 1003 1563 1064 1601; x_wconf 86' lang='lat' dir='ltr'>At</span> <span class='ocrx_word' id='word_1_217' title='bbox 1091 1562 1195 1601; x_wconf 83' lang='lat' dir='ltr'>istud</span> <span class='ocrx_word' id='word_1_218' title='bbox 1213 1562 1302 1614; x_wconf 87' lang='lat' dir='ltr'>qui-</span> 
     </span>
     <span class='ocr_line' id='line_1_28' title="bbox 171 1616 1299 1656; baseline 0.001 -2"><span class='ocrx_word' id='word_1_219' title='bbox 171 1616 261 1655; x_wconf 85' lang='lat' dir='ltr'>dem</span> <span class='ocrx_word' id='word_1_220' title='bbox 273 1616 383 1655; x_wconf 87' lang='lat' dir='ltr'>facile</span> <span class='ocrx_word' id='word_1_221' title='bbox 396 1617 470 1655; x_wconf 81' lang='lat' dir='ltr'>fuit</span> <span class='ocrx_word' id='word_1_222' title='bbox 482 1617 678 1656; x_wconf 89' lang='lat' dir='ltr'>undelibet</span> <span class='ocrx_word' id='word_1_223' title='bbox 690 1618 872 1656; x_wconf 84' lang='lat' dir='ltr'>invenire.</span> <span class='ocrx_word' id='word_1_224' title='bbox 902 1617 1052 1655; x_wconf 87' lang='lat' dir='ltr'>Verum</span> <span class='ocrx_word' id='word_1_225' title='bbox 1065 1617 1118 1655; x_wconf 84' lang='lat' dir='ltr'>ite</span> <span class='ocrx_word' id='word_1_226' title='bbox 1131 1629 1299 1655; x_wconf 83' lang='lat' dir='ltr'>mecum.</span> 
     </span>
     <span class='ocr_line' id='line_1_29' title="bbox 174 1671 1303 1723; baseline 0 -14"><span class='ocrx_word' id='word_1_227' title='bbox 174 1671 400 1723; x_wconf 88' lang='lat' dir='ltr'>Sequuntur</span> <span class='ocrx_word' id='word_1_228' title='bbox 418 1672 486 1709; x_wconf 82' lang='lat' dir='ltr'>illi.</span> <span class='ocrx_word' id='word_1_229' title='bbox 519 1674 653 1710; x_wconf 72' lang='lat' dir='ltr'>Sermo</span> <span class='ocrx_word' id='word_1_230' title='bbox 672 1673 816 1710; x_wconf 84' lang='lat' dir='ltr'>interea</span> <span class='ocrx_word' id='word_1_231' title='bbox 833 1672 952 1722; x_wconf 89' lang='lat' dir='ltr'>hujus</span> <span class='ocrx_word' id='word_1_232' title='bbox 966 1671 1204 1710; x_wconf 89' lang='lat' dir='ltr'>consumitur</span> <span class='ocrx_word' id='word_1_233' title='bbox 1218 1683 1303 1709; x_wconf 90' lang='lat' dir='ltr'>om-</span> 
     </span>
     <span class='ocr_line' id='line_1_30' title="bbox 173 1724 1303 1778; baseline 0 -14"><span class='ocrx_word' id='word_1_234' title='bbox 173 1725 234 1764; x_wconf 87' lang='lat' dir='ltr'>nis</span> <span class='ocrx_word' id='word_1_235' title='bbox 260 1726 301 1763; x_wconf 89' lang='lat' dir='ltr'>in</span> <span class='ocrx_word' id='word_1_236' title='bbox 320 1726 582 1764; x_wconf 86' lang='lat' dir='ltr'>ostentatione.</span> <span class='ocrx_word' id='word_1_237' title='bbox 614 1726 779 1775; x_wconf 65' lang='lat' dir='ltr'>Quaerit,</span> <span class='ocrx_word' id='word_1_238' title='bbox 800 1727 840 1764; x_wconf 90' lang='lat' dir='ltr'>in</span> <span class='ocrx_word' id='word_1_239' title='bbox 867 1727 967 1778; x_wconf 90' lang='lat' dir='ltr'>agris</span> <span class='ocrx_word' id='word_1_240' title='bbox 987 1724 1203 1776; x_wconf 81' lang='lat' dir='ltr'>cujusmodi</span> <span class='ocrx_word' id='word_1_241' title='bbox 1220 1725 1303 1763; x_wconf 79' lang='lat' dir='ltr'>fru-</span> 
     </span>
     <span class='ocr_line' id='line_1_31' title="bbox 172 1780 1302 1833; baseline 0 -15"><span class='ocrx_word' id='word_1_242' title='bbox 172 1787 305 1819; x_wconf 86' lang='lat' dir='ltr'>menta</span> <span class='ocrx_word' id='word_1_243' title='bbox 323 1780 422 1819; x_wconf 88' lang='lat' dir='ltr'>sint:</span> <span class='ocrx_word' id='word_1_244' title='bbox 453 1789 582 1832; x_wconf 88' lang='lat' dir='ltr'>negat,</span> <span class='ocrx_word' id='word_1_245' title='bbox 604 1794 657 1829; x_wconf 92' lang='lat' dir='ltr'>se,</span> <span class='ocrx_word' id='word_1_246' title='bbox 678 1781 770 1833; x_wconf 85' lang='lat' dir='ltr'>quia</span> <span class='ocrx_word' id='word_1_247' title='bbox 789 1781 890 1819; x_wconf 83' lang='lat' dir='ltr'>villae</span> <span class='ocrx_word' id='word_1_248' title='bbox 907 1782 1072 1819; x_wconf 88' lang='lat' dir='ltr'>incensae</span> <span class='ocrx_word' id='word_1_249' title='bbox 1091 1780 1181 1829; x_wconf 91' lang='lat' dir='ltr'>sint,</span> <span class='ocrx_word' id='word_1_250' title='bbox 1197 1792 1302 1819; x_wconf 82' lang='lat' dir='ltr'>acce-</span> 
     </span>
     <span class='ocr_line' id='line_1_32' title="bbox 173 1834 1302 1887; baseline 0 -15"><span class='ocrx_word' id='word_1_251' title='bbox 173 1834 264 1873; x_wconf 90' lang='lat' dir='ltr'>dere</span> <span class='ocrx_word' id='word_1_252' title='bbox 287 1847 411 1887; x_wconf 89' lang='lat' dir='ltr'>posse,</span> <span class='ocrx_word' id='word_1_253' title='bbox 441 1847 510 1874; x_wconf 89' lang='lat' dir='ltr'>nec</span> <span class='ocrx_word' id='word_1_254' title='bbox 540 1835 725 1874; x_wconf 82' lang='lat' dir='ltr'>aedificare</span> <span class='ocrx_word' id='word_1_255' title='bbox 744 1835 860 1874; x_wconf 91' lang='lat' dir='ltr'>etiam</span> <span class='ocrx_word' id='word_1_256' title='bbox 880 1848 983 1874; x_wconf 90' lang='lat' dir='ltr'>nunc</span> <span class='ocrx_word' id='word_1_257' title='bbox 1002 1835 1169 1873; x_wconf 86' lang='lat' dir='ltr'>audere:</span> <span class='ocrx_word' id='word_1_258' title='bbox 1200 1842 1302 1872; x_wconf 80' lang='lat' dir='ltr'>tam-</span> 
     </span>
     <span class='ocr_line' id='line_1_33' title="bbox 174 1889 1300 1942; baseline 0.001 -15"><span class='ocrx_word' id='word_1_259' title='bbox 174 1889 244 1928; x_wconf 90' lang='lat' dir='ltr'>etsi</span> <span class='ocrx_word' id='word_1_260' title='bbox 262 1889 302 1927; x_wconf 91' lang='lat' dir='ltr'>in</span> <span class='ocrx_word' id='word_1_261' title='bbox 322 1889 546 1928; x_wconf 91' lang='lat' dir='ltr'>Tusculano</span> <span class='ocrx_word' id='word_1_262' title='bbox 566 1889 723 1942; x_wconf 87' lang='lat' dir='ltr'>quidem</span> <span class='ocrx_word' id='word_1_263' title='bbox 743 1890 838 1942; x_wconf 79' lang='lat' dir='ltr'>coepi</span> <span class='ocrx_word' id='word_1_264' title='bbox 857 1890 1035 1938; x_wconf 80' lang='lat' dir='ltr'>insanire,</span> <span class='ocrx_word' id='word_1_265' title='bbox 1050 1897 1087 1928; x_wconf 92' lang='lat' dir='ltr'>et</span> <span class='ocrx_word' id='word_1_266' title='bbox 1105 1890 1145 1928; x_wconf 88' lang='lat' dir='ltr'>in</span> <span class='ocrx_word' id='word_1_267' title='bbox 1164 1889 1300 1928; x_wconf 90' lang='lat' dir='ltr'>iisdem</span> 
     </span>
     <span class='ocr_line' id='line_1_34' title="bbox 172 1943 646 1982; baseline 0 0"><span class='ocrx_word' id='word_1_268' title='bbox 172 1943 435 1982; x_wconf 86' lang='lat' dir='ltr'>fundamentis</span> <span class='ocrx_word' id='word_1_269' title='bbox 451 1944 646 1982; x_wconf 74' lang='lat' dir='ltr'>aedificare.</span> 
     </span>
    </p>

    <p class='ocr_par' dir='ltr' id='par_1_3' title="bbox 170 1997 1301 2270">
     <span class='ocr_line' id='line_1_35' title="bbox 229 1997 1298 2051; baseline 0 -15"><span class='ocrx_word' id='word_1_270' title='bbox 229 1998 302 2037; x_wconf 87' lang='lat' dir='ltr'>LI.</span> <span class='ocrx_word' id='word_1_271' title='bbox 334 2001 362 2021; x_wconf 84' lang='grc'>“</span> <span class='ocrx_word' id='word_1_272' title='bbox 379 1998 490 2036; x_wconf 89' lang='lat' dir='ltr'>Dum</span> <span class='ocrx_word' id='word_1_273' title='bbox 506 1998 587 2037; x_wconf 85' lang='lat' dir='ltr'>haec</span> <span class='ocrx_word' id='word_1_274' title='bbox 601 1999 786 2051; x_wconf 87' lang='lat' dir='ltr'>loquitur,</span> <span class='ocrx_word' id='word_1_275' title='bbox 801 1999 956 2038; x_wconf 86' lang='lat' dir='ltr'>venitin</span> <span class='ocrx_word' id='word_1_276' title='bbox 977 1998 1074 2037; x_wconf 79' lang='lat' dir='ltr'>aedes</span> <span class='ocrx_word' id='word_1_277' title='bbox 1094 1997 1298 2050; x_wconf 87' lang='lat' dir='ltr'>quasdam,</span> 
     </span>
     <span class='ocr_line' id='line_1_36' title="bbox 172 2052 1301 2105; baseline -0.002 -13"><span class='ocrx_word' id='word_1_278' title='bbox 172 2053 212 2092; x_wconf 92' lang='lat' dir='ltr'>in</span> <span class='ocrx_word' id='word_1_279' title='bbox 234 2053 375 2105; x_wconf 91' lang='lat' dir='ltr'>quibus</span> <span class='ocrx_word' id='word_1_280' title='bbox 394 2052 614 2091; x_wconf 87' lang='lat' dir='ltr'>sodalitium</span> <span class='ocrx_word' id='word_1_281' title='bbox 635 2062 714 2092; x_wconf 91' lang='lat' dir='ltr'>erat</span> <span class='ocrx_word' id='word_1_282' title='bbox 740 2053 873 2092; x_wconf 89' lang='lat' dir='ltr'>eodem</span> <span class='ocrx_word' id='word_1_283' title='bbox 899 2053 961 2091; x_wconf 82' lang='lat' dir='ltr'>die</span> <span class='ocrx_word' id='word_1_284' title='bbox 985 2053 1190 2091; x_wconf 84' lang='lat' dir='ltr'>futurum:</span> <span class='ocrx_word' id='word_1_285' title='bbox 1222 2065 1301 2105; x_wconf 87' lang='lat' dir='ltr'>quo</span> 
     </span>
     <span class='ocr_line' id='line_1_37' title="bbox 170 2107 1301 2160; baseline 0 -14"><span class='ocrx_word' id='word_1_286' title='bbox 170 2108 256 2154; x_wconf 86' lang='lat' dir='ltr'>iste,</span> <span class='ocrx_word' id='word_1_287' title='bbox 276 2120 347 2160; x_wconf 90' lang='lat' dir='ltr'>pro</span> <span class='ocrx_word' id='word_1_288' title='bbox 366 2107 501 2146; x_wconf 68' lang='lat' dir='ltr'>notitia</span> <span class='ocrx_word' id='word_1_289' title='bbox 519 2107 667 2146; x_wconf 86' lang='lat' dir='ltr'>domini</span> <span class='ocrx_word' id='word_1_290' title='bbox 694 2108 851 2157; x_wconf 83' lang='lat' dir='ltr'>aedium,</span> <span class='ocrx_word' id='word_1_291' title='bbox 872 2107 1085 2159; x_wconf 87' lang='lat' dir='ltr'>ingreditur</span> <span class='ocrx_word' id='word_1_292' title='bbox 1103 2120 1193 2146; x_wconf 85' lang='lat' dir='ltr'>cum</span> <span class='ocrx_word' id='word_1_293' title='bbox 1212 2107 1301 2146; x_wconf 91' lang='lat' dir='ltr'>hos-</span> 
     </span>
     <span class='ocr_line' id='line_1_38' title="bbox 171 2160 1297 2215; baseline -0.001 -15"><span class='ocrx_word' id='word_1_294' title='bbox 171 2163 329 2215; x_wconf 85' lang='lat' dir='ltr'>pitibus.</span> <span class='ocrx_word' id='word_1_295' title='bbox 378 2162 473 2209; x_wconf 79' lang='lat' dir='ltr'>Hic,</span> <span class='ocrx_word' id='word_1_296' title='bbox 505 2160 646 2214; x_wconf 91' lang='lat' dir='ltr'>inquit,</span> <span class='ocrx_word' id='word_1_297' title='bbox 677 2162 834 2201; x_wconf 83' lang='lat' dir='ltr'>habito:</span> <span class='ocrx_word' id='word_1_298' title='bbox 870 2162 1049 2215; x_wconf 87' lang='lat' dir='ltr'>perspicit</span> <span class='ocrx_word' id='word_1_299' title='bbox 1079 2169 1297 2213; x_wconf 90' lang='lat' dir='ltr'>argentum,</span> 
     </span>
     <span class='ocr_line' id='line_1_39' title="bbox 173 2216 1296 2270; baseline -0.002 -14"><span class='ocrx_word' id='word_1_300' title='bbox 173 2216 278 2270; x_wconf 90' lang='lat' dir='ltr'>quod</span> <span class='ocrx_word' id='word_1_301' title='bbox 307 2225 387 2256; x_wconf 87' lang='lat' dir='ltr'>erat</span> <span class='ocrx_word' id='word_1_302' title='bbox 417 2216 649 2270; x_wconf 80' lang='lat' dir='ltr'>expositum,</span> <span class='ocrx_word' id='word_1_303' title='bbox 685 2217 894 2257; x_wconf 82' lang='lat' dir='ltr'>triclinium</span> <span class='ocrx_word' id='word_1_304' title='bbox 928 2225 1116 2256; x_wconf 79' lang='lat' dir='ltr'>stratum:</span> <span class='ocrx_word' id='word_1_305' title='bbox 1147 2217 1296 2269; x_wconf 81' lang='lat' dir='ltr'>probat.</span> 
     </span>
    </p>
   </div>
  </div>
 </body>
</html>
