1456 2396
202 113 282 152 308
327 107 807 150 ACADEMICORUM
828 100 1208 148 111B.11'.GAP.18.'

202 232 324 272 posse,
351 232 427 268 eos,
455 218 725 257 consuetudine
752 216 937 265 adhibita,
963 223 1044 255 tam
1067 217 1178 256 facile
1200 215 1317 255 inter-

204 286 455 322 nosceremus,
482 273 539 310 uti
563 285 611 310 ne
635 272 842 310 111111111111111
867 246 1023 323 quidem
1048 271 1189 310 similes
1213 270 1318 309 vide-

206 329 368 366 rentur?

260 381 354 426 Hic,
389 392 535 431 pugnes
567 380 667 428 licet,
704 392 782 418 non
824 380 1068 430 repugnabo.
1109 377 1319 438 quinetiam

204 433 420 480 concedam,
454 434 567 471 illum
598 434 725 485 ipsum
753 434 974 484 sapientem,
1001 431 1049 470 de
1089 445 1166 484 quo
1193 431 1319 469 omnis

204 487 266 525 hic
286 500 407 525 sermo
426 495 494 535 est,
516 500 603 525 cum
623 488 657 525 ei
675 500 732 525 res
752 487 892 525 similes
911 494 1122 532 occurrant,
1136 498 1232 537 quas
1242 491 1320 522 non

204 541 342 579 habeat
354 541 562 588 denotatas,
576 549 812 579 retenturum
835 551 1043 587 assensum,
1064 551 1133 577 nec
1146 551 1321 589 unquam

207 595 278 632 ulli
309 595 387 632 viso
418 607 672 641 assensurum,
703 594 775 632 nisi
805 593 908 645 quod
936 593 1011 631 tale
1042 592 1172 640 fuerit,
1207 592 1322 643 quale

206 648 347 686 falsum
376 661 454 686 esse
480 660 557 686 non
584 649 713 699 possit.
762 648 837 685 Sed
865 647 913 684 ad
941 653 1091 684 caeteras
1118 659 1176 684 res
1205 645 1322 683 habet

207 701 415 752 quamdam
431 709 564 749 artem,
581 715 658 753 qua
670 714 756 739 vera
773 714 796 738 a
814 701 918 738 falsis
932 700 1050 751 possit
1063 699 1318 750 distinguere:

207 762 246 792 et
275 755 323 792 ad
353 755 616 793 similitudines
647 756 735 793 istas
766 768 857 792 usus
888 753 1128 791 adhibendus
1160 760 1227 791 aet.
1263 751 1322 790 Ut

208 816 329 846 mater
358 809 528 859 geminos
561 808 780 847 internoscit
809 807 1080 846 consuetudine
1108 806 1321 853 oculorum,

208 862 262 900 sic
280 870 322 899 tu
341 862 582 910 internosces,
604 862 634 900 si
654 861 869 900 assueveris.
910 861 1093 909 Videsne,
1113 867 1158 898 ut
1174 860 1214 897 in
1234 872 1323 911 pro-

208 916 336 954 verbio
365 916 412 954 sit
440 929 598 954 ovorum
626 916 724 955 inter
755 928 793 953 se
823 915 1066 954 similitudo?
1094 921 1223 952 tamen
1251 913 1324 951 hoc

207 969 435 1020 accepimus,
456 969 547 1007 Deli
565 969 680 1008 fuisse
698 969 911 1020 complures
937 968 1067 1012 (salvis
1091 969 1203 1006 rebus
1228 966 1322 1014 11115)

209 1023 277 1074 qui
295 1023 455 1073 gallinas
475 1024 573 1061 alere
591 1023 800 1074 permultas
819 1025 984 1073 quaestus
1003 1035 1117 1060 031153
1135 1022 1320 1059 solerent.

207 1076 249 1113 hi
267 1089 356 1114 cum
375 1089 491 1114 ovum
509 1076 765 1127 inspexerant,
786 1089 873 1127 quae
890 1075 931 1113 id
948 1075 1091 1126 gallina
1104 1074 1322 1126 peperisset,

208 1129 330 1167 dicere
350 1131 530 1168 solebant.
562 1131 701 1181 Neque
714 1129 755 1167 id
770 1137 825 1167 est
837 1137 966 1167 contra
983 1141 1062 1166 nos.
1092 1128 1200 1166 Nam
1213 1127 1323 1165 nobis

210 1183 299 1221 satis
319 1192 387 1244 est,
410 1196 480 1221 ova
498 1183 565 1220 illa
583 1183 856 1221 internoscere.
887 1183 985 1220 nihil
1004 1182 1106 1220 enim
1124 1181 1247 1232 magis
1265 1194 1325 1219 35-

210 1236 340 1274 sentiri
358 1243 493 1288 potest,
509 1237 581 1274 hoc
594 1236 692 1274 illud
703 1250 794 1297 esse,
811 1249 929 1288 quam
941 1234 1325 1273 siinterillaomnino

209 1290 307 1328 1111111
325 1289 528 1328 interesset.
571 1290 708 1328 Habeo
734 1290 836 1328 enim
861 1290 1048 1340 regulam,
1068 1296 1113 1326 ut
1136 1288 1228 1326 talia
1246 1288 1326 1326 visa

210 1356 299 1381 vera
314 1343 498 1392 judicem,
519 1344 648 1395 qualia
666 1344 761 1382 falsa
780 1357 859 1382 esse
876 1355 954 1381 non
971 1343 1127 1394 possint.
1167 1343 1235 1380 Ab
1253 1342 1327 1380 1130

207 1397 305 1434 1111111
327 1409 404 1434 11011
423 1397 511 1435 licet
529 1405 785 1435 transversum
801 1401 861 1442 (ut
880 1397 1004 1445 aiunt)
1024 1396 1188 1447 digitum
1207 1396 1326 1434 disce-

211 1450 312 1497 dere,
333 1463 381 1488 ne
407 1451 639 1488 confundam
662 1451 801 1489 omnia.
842 1451 937 1489 Veri
962 1449 1064 1488 enim
1090 1457 1127 1488 et
1145 1449 1231 1487 falsi
1248 1462 1327 1488 non

211 1504 327 1542 modo
345 1505 523 1554 cognitio,
544 1505 609 1542 sed
628 1513 664 1542 et
690 1512 842 1553 natura,
867 1505 1035 1551 tolletur,
1063 1504 1095 1542 51
1118 1503 1215 1541 1111111
1241 1503 1325 1550 erit,

212 1558 316 1608 quod
346 1558 519 1596 intersit.
550 1566 594 1596 ut
623 1558 739 1596 etiam
767 1558 865 1596 illud
893 1557 1103 1596 absurdum
1130 1557 1192 1604 sit,
1222 1556 1329 1608 quod

212 1611 406 1649 interdum
425 1611 549 1650 soletis
569 1611 704 1658 dicere,
733 1625 822 1650 cum
848 1612 928 1650 visa
951 1612 992 1649 in
1020 1611 1167 1649 animos
1192 1610 1329 1672 impri-

211 1673 381 1712 mantur‚
408 1677 485 1702 non
511 1678 576 1703 vos
601 1666 641 1703 id
667 1665 802 1713 dicere,
822 1666 921 1704 inter
945 1665 1045 1717 ipsas
1063 1664 1328 1716 impressiones

212 1717 310 1755 nihil
328 1718 519 1765 interesse,
541 1719 606 1757 sed
630 1719 728 1758 inter
753 1719 906 1780 species
919 1726 957 1756 et
982 1718 1167 1770 quasdam
1185 1718 1328 1756 formas

213 1784 358 1809 eorum.
389 1772 512 1819 Quasi
530 1786 617 1811 vero
636 1786 713 1811 non
732 1773 853 1824 specie
871 1772 952 1810 visa
966 1772 1209 1821 judicentur-3
1240 1785 1328 1823 quae

214 1824 329 1862 fidem
349 1826 497 1863 nullam
515 1826 724 1875 habebunt,
746 1826 896 1864 sublata
914 1826 992 1863 veri
1011 1833 1047 1863 et
1065 1825 1151 1863 falsi
1168 1825 1271 1863 nota.

269 1879 377 1916 Illud
401 1891 489 1917 vero
512 1880 803 1930 perabsurdum,
830 1879 934 1932 quod
955 1879 1092 1926 dicitis,
1114 1878 1327 1930 probabilia

214 1945 280 1970 vos
299 1932 419 1984 sequi,
440 1933 471 1970 si
490 1946 529 1970 re
547 1934 656 1971 nulla
673 1933 947 1985 impediamini.
979 1933 1156 1970 Primum
1175 1933 1245 1983 qui
1258 1946 1328 1984 po-

214 1985 318 2023 testis
336 1998 413 2024 non
441 1986 631 2037 impediri,
653 2000 742 2025 cum
768 2001 791 2025 a
816 1987 912 2025 veris
937 1987 1034 2024 falsa
1057 1999 1135 2025 non
1153 1985 1325 2024 distent?

215 2038 352 2077 deinde
385 2039 487 2090 quod
515 2041 705 2089 Judicium
733 2049 788 2079 est
814 2041 906 2087 veri,
933 2053 1020 2079 cum
1047 2040 1095 2078 sit
1124 2051 1328 2078 commune

213 2092 331 2130 falsi?
358 2092 424 2130 Ex
448 2093 508 2131 his
532 2094 599 2131 illa
623 2095 827 2132 necessario
851 2102 941 2132 nata
966 2101 1022 2132 est
1049 2109 1174 2146 εποχη,
1203 2093 1244 2130 id
1270 2100 1326 2131 aet

215 2146 437 2184 assensionis
455 2148 638 2193 retentio;
668 2148 706 2185 in
727 2148 805 2199 qua
822 2148 959 2186 melius
978 2148 1049 2186 sibi
1066 2147 1231 2185 constitit
1248 2147 1328 2185 Ar-

215 2199 359 2250 cesilas,
380 2200 411 2239 si
430 2214 517 2240 vera
534 2210 637 2252 sunt,
658 2215 745 2254 quae
762 2202 809 2241 de
829 2201 1024 2242 Carneade
1041 2200 1327 2241 nonnullissexis-
