1456 2396
229 95 712 137 ACADEMICORUM
732 95 1112 137 111n.11.cA1›.28.·
1155 97 1231 136 321

125 205 278 246 Similia
294 205 343 244 de
360 205 572 244 vinolentis.
602 204 726 253 Quasi
744 204 949 257 quisquam
967 212 1093 256 neget,
1114 212 1152 244 et
1169 204 1238 256 qui

126 267 365 311 experrectus
384 259 445 307 sit,
465 272 555 298 eum
574 259 746 304 somnia3
778 266 828 307 et,
849 260 959 309 cujus
983 259 1090 297 furor
1108 271 1238 297 conse-

124 313 235 359 derit,
255 321 389 364 putare
407 326 484 351 non
502 313 618 351 fuisse
637 326 680 351 ea
698 326 799 360 vera,
820 326 906 364 quae
926 320 1048 352 essent
1066 312 1138 351 sibi
1158 312 1239 351 visa

125 366 166 404 in
184 367 322 405 furore.
363 367 439 406 Sed
457 379 534 405 non
552 366 592 404 id
618 366 767 418 agitur:
799 375 898 414 tum,
926 380 1016 405 cum
1042 366 1234 413 videntur,

125 433 204 471 quo
222 421 336 459 modo
355 421 568 469 videantur,
581 420 621 458 id
635 420 818 472 quaeritur
834 435 844 458 z
874 421 948 458 nisi
959 434 1047 460 vero
1060 420 1238 459 Ennium

124 485 203 513 non
217 482 398 525 putamus
417 475 472 513 ita
485 482 610 513 totum
629 474 728 512 inud
745 474 947 524 audivisse,

180 551 210 572 ‘⁶
230 549 268 589 ο
288 550 408 602 pietas
427 549 581 588 animi⁹⁹
598 579 680 590 .....

124 638 175 683 (si
192 639 307 677 modo
325 638 366 677 id
385 637 602 685 somniavit)
621 645 666 675 ut
680 636 712 675 si
725 635 887 688 vigilans
902 635 1076 675 audiret·
1106 650 1239 688 exper-

123 700 248 731 rectus
267 693 370 731 enim
381 692 506 744 potuit
522 691 591 730 ma
608 691 689 729 visa
707 698 856 742 putare,
877 698 921 728 ut
940 698 1058 738 erant,
1080 699 1117 728 et
1136 704 1239 729 som-

125 747 214 785 nia:
245 746 448 785 dormienti
459 759 560 794 vero,
573 758 682 796 aeque
700 758 744 785 ac
763 744 951 795 vigilantii
965 746 1237 797 probabantur.

124 800 267 849 Quid?
297 801 423 839 Iliona
442 812 575 839 somno
593 799 675 848 illo,

180 877 209 898 “
229 875 374 923 Mater,
394 882 431 913 te
449 874 601 926 appello
616 874 642 892 ‘⁹
662 902 762 914 ......

123 962 250 988 nonne
267 950 321 987 ita
339 949 456 988 credit
474 949 599 987 filium
616 949 805 998 locutum,
825 958 870 986 ut
889 955 1105 1001 experrecta
1124 948 1239 988 etiam

122 1004 288 1044 crederet
301 1007 319 1043 ?
348 1003 451 1042 unde
470 1003 574 1042 enim
591 1003 690 1044 illa?

178 1081 208 1103 “
227 1078 330 1139 Age,
350 1077 482 1171 affi3
500 1090 645 1151 '1’nane3
667 1076 782 1124 audi3
804 1077 899 1116 itera
910 1077 1006 1116 dum
1020 1078 1239 1118 eademmet

283 1141 356 1171 lsta
484 1147 494 1170 :

124 1221 220 1247 num
238 1207 388 1246 videtur
400 1207 590 1246 minorem
608 1207 749 1247 habere
768 1207 870 1257 visis,
884 1220 1003 1260 quam
1023 1207 1238 1262 vigilantes,

126 1262 389 1354 fidi'eggVIII.
421 1315 530 1364 Quid
542 1316 678 1367 loquar
691 1315 739 1353 de
750 1315 892 1354 insanis
906 1318 924 1354 Ρ
944 1315 1068 1367 qualis
1084 1316 1240 1355 tandem

125 1370 200 1408 fuit
228 1370 351 1408 affinis
370 1377 473 1415 tuus..
499 1370 651 1418 Catule,
667 1369 918 1408 Tuditanus?
949 1370 1154 1422 quisquam
1183 1384 1242 1408 sa-

122 1424 301 1462 nissimus
314 1432 395 1462 tam
409 1432 509 1462 certa
521 1431 646 1475 putat,
661 1437 747 1475 quae
758 1423 874 1473 videt,
891 1436 1009 1476 quam
1021 1424 1052 1462 is
1065 1425 1241 1476 putabat,

125 1491 213 1531 quae
232 1478 458 1517 videbantur
474 1480 492 1517 ?
522 1477 617 1530 quid
635 1478 713 1526 ine,
735 1477 817 1529 qui,

181 1556 209 1575 ‘⁶
230 1553 370 1602 Video,
390 1552 499 1591 video
518 1560 555 1591 te
574 1553 720 1601 vivum,
741 1553 912 1604 Ulysses,
933 1552 1029 1591 dum
1044 1553 1132 1592 licet
1145 1553 1187 1591 :''

125 1639 252 1666 nonne
271 1626 386 1664 etiam
404 1626 463 1664 bis
492 1627 720 1664 exclamavit
742 1640 781 1665 se
806 1627 946 1674 videre,
974 1641 1062 1666 cum
1085 1628 1243 1666 omnino

125 1694 203 1719 non
237 1680 380 1718 videret
392 1683 411 1719 Ρ
454 1680 594 1728 Quid?
635 1680 739 1732 apud
771 1681 1001 1733 Euripidem
1039 1682 1242 1729 Hercules,

126 1748 230 1783 cum,
250 1742 294 1773 ut
313 1733 523 1786 Eurysthei
545 1734 657 1781 filios,
677 1735 731 1772 ita
745 1748 832 1774 suos
844 1735 1056 1787 configebat
1067 1736 1212 1787 sagittis
1229 1750 1242 1781 ;

126 1802 215 1827 cum
235 1801 396 1827 uxorem
414 1789 669 1836 interimebat,
690 1802 779 1827 cum
802 1792 1009 1828 conabatur
1035 1790 1150 1828 etiam
1175 1803 1244 1841 pa-

126 1851 225 1880 trem
240 1857 253 1889 ;
283 1855 361 1880 non
379 1842 536 1893 perinde
550 1844 775 1881 movebatur
793 1844 912 1892 falsis,
933 1852 977 1881 ut
996 1844 1093 1882 veris
1113 1857 1244 1882 move-

126 1899 260 1935 retur?
309 1896 451 1944 Quid?
491 1896 573 1948 ipse
602 1897 778 1935 Alcmaeo
811 1905 914 1945 tuus,
943 1898 1012 1949 qui
1041 1906 1155 1949 negat
1182 1910 1246 1935 eor

126 1950 200 1989 sibi
213 1963 302 1989 cum
320 1950 439 1990 oculis
453 1951 676 2000 consentire,
697 1963 824 1990 nonne
838 1952 996 2002 ibidem,
1010 1952 1165 1999 incitato
1183 1951 1245 1996 ‚fua

126 2017 224 2053 rore,

183 2081 211 2101 “
231 2077 348 2117 Unde
364 2078 447 2118 haec
465 2080 622 2119 flamma
640 2080 760 2120 oritur
773 2081 821 2126 ?''

129 2154 168 2188 et
186 2146 254 2187 ina
272 2145 464 2200 deinceps,
