1456 2396
189 59 266 99 108
330 55 506 97 ORAT.
537 54 954 105 PARTITIONES,
983 55 1090 96 CAP.
1106 55 1171 95 12.

179 173 311 207 autem
328 166 518 205 bonarum
537 173 576 205 et
592 166 785 206 malarum
807 166 882 205 tria
906 171 997 205 sunt
1021 176 1186 217 genera·
1215 173 1307 201 nam

179 228 248 260 aut
265 222 306 260 in
326 220 479 270 animis,
500 227 568 259 aut
585 220 627 259 in
645 221 880 283 corporibus,
901 227 969 258 aut
987 226 1108 268 extra,
1128 230 1208 258 esse
1220 228 1311 269 pos-

182 282 285 315 sunt.
329 274 464 325 Hujus
493 275 611 327 igitur
635 275 820 324 materiae,
846 275 896 313 ad
920 280 1195 326 argumentum
1217 272 1310 310 sub-

178 331 304 380 jectae,
333 329 609 381 perlustrandae
636 329 766 368 animo
790 336 915 381 partos
941 335 1054 367 erunt
1078 339 1226 373 01111185,
1255 333 1308 372 et,

184 384 234 422 ad
252 384 292 422 id
311 383 416 435 quod
439 392 587 435 agetur,
612 397 658 422 ex
686 385 845 435 singulis
871 384 1087 432 conjectura
1111 379 1307 441 capienda.

181 438 256 477 Est
275 439 390 477 etiam
409 451 530 489 genus
549 446 861 490 argumentorum
884 438 1003 485 aliud,
1051 435 1130 474 uod
1151 448 1199 474 ex
1218 433 1309 473 facti

181 493 349 544 vestigiis
382 493 560 540 sumitur,
595 501 639 531 ut
669 493 804 540 telum,
840 505 963 540 cruor,
991 450 1142 529 cgsnor
1168 489 1307 536 editus,

179 547 373 594 titubatio,
400 548 633 599 permutatio
656 548 803 595 coloris,
831 547 950 585 oratio
975 546 1206 592 inconstans,
1233 550 1309 582 tre-

179 614 279 649 mor,
309 609 347 640 et
374 614 506 639 eorum
533 601 694 653 aliquid,
724 601 828 653 quod
857 614 969 640 sensu
994 599 1139 652 percipi
1162 597 1307 650 possit3

180 657 311 703 etiam,
332 656 363 694 si
377 664 635 707 praeparatum
651 656 811 708 ahquid
829 655 860 693 si
875 654 1203 694 communicatum
1218 664 1308 691 cum

178 710 324 762 aliquo,
345 709 377 748 si
395 718 526 761 postea
545 710 683 757 visum,
712 710 902 756 auditum,
930 709 1155 748 indicatum.
1195 706 1310 746 Veri-

178 764 321 804 similia
345 772 475 802 autem
501 765 643 816 partim
666 765 817 815 singula
841 772 998 802 movent
1023 776 1092 802 suo
1113 761 1309 814 ponder-<33

176 819 334 872 partim,
356 818 504 857 etiamsi
524 819 701 857 videntur
720 832 798 857 esse
817 819 957 869 exigua
975 831 1044 870 per
1062 830 1115 864 se,
1137 816 1310 855 multum

177 881 323 921 tamen,
344 885 434 911 cum
450 882 540 912 sunt
555 881 783 919 coacervata,
800 872 1015 925 proficiunt.
1045 871 1205 924 Atque
1194 883 1235 909 13
1249 870 1314 908 1115

177 927 448 968 verisimilibus
466 927 598 966 insunt
616 940 896 980 nonnunquam
917 927 1032 966 etiam
1052 933 1162 965 eertae
1180 937 1311 964 rerum
1334 970 1338 974 ⁵

178 990 218 1021 et
243 981 407 1034 propriae
434 989 546 1020 notae.
589 982 810 1021 Maximam
841 989 970 1020 autem
999 981 1092 1020 facit
1117 980 1233 1018 fidem
1259 978 1309 1017 ad

178 1036 472 1076 similitudinem
491 1037 583 1083 veri,
604 1037 790 1088 primum,
811 1037 1062 1088 exemplum3
1092 1033 1260 1073 deinde
1249 1045 1310 1071 m-

177 1091 355 1130 trodueta
372 1090 427 1129 rei
446 1091 682 1137 similitudo3
712 1091 846 1130 fabula
871 1091 987 1129 etiam
1009 1100 1308 1141 nonnunquam,

179 1145 251 1185 etsi
269 1152 326 1184 est
343 1145 588 1192 incredibilis,
609 1152 739 1184 tamen
759 1145 934 1184 homines
953 1151 1180 1184 commovet.

234 1199 339 1238 XII.
369 1201 514 1238 Filius.
545 1199 682 1248 Quid?
708 1199 939 1238 definitionis
958 1212 1046 1252 quae
1064 1198 1161 1237 ratio
1179 1204 1250 1246 est,
1270 1204 1308 1236 et

180 1267 270 1306 quae
288 1253 383 1292 via?
429 1255 566 1292 Pater.
590 1254 682 1292 Non
701 1254 866 1293 dubium
885 1261 940 1292 est
959 1254 999 1292 id
1018 1253 1191 1305 quidem,
1211 1252 1307 1304 quin

179 1308 351 1348 definitio
379 1320 517 1360 genere
543 1308 768 1370 declaretur,
799 1316 836 1348 et
862 1308 1102 1369 proprietate
1120 1306 1306 1359 quadam,

179 1370 248 1403 aut
270 1363 386 1402 etiam
411 1363 679 1402 communium
704 1362 934 1415 frequentia,
962 1376 1011 1401 ex
1037 1361 1193 1414 quibus,
1220 1374 1310 1413 pro-

178 1417 309 1470 prium
338 1417 435 1469 quid
460 1416 522 1465 sit,
551 1417 709 1456 eluceat.
750 1418 840 1465 Sed,
868 1417 1053 1470 quoniam
1074 1416 1123 1455 de
1143 1416 1309 1468 propriis

177 1472 299 1511 oritur
323 1472 554 1533 plerumque
578 1484 722 1523 magna
746 1471 943 1534 dissensio,
970 1470 1234 1510 definiendum
1253 1478 1311 1509 est

177 1539 278 1578 saepe
297 1539 345 1564 ex
365 1526 576 1574 contrariis,
597 1539 697 1578 saepe
716 1526 832 1564 etiam
852 1539 900 1564 ex
918 1525 1183 1573 dissimilibus,
1211 1537 1311 1577 saepe

177 1594 226 1620 ex
250 1579 420 1632 paribus.
461 1579 730 1628 Quamobrem
753 1580 1022 1632 descriptiones
1045 1592 1200 1632 quoque
1218 1587 1309 1618 sunt

174 1636 216 1673 in
235 1635 309 1674 hoc
331 1646 468 1685 genere
487 1647 586 1686 saepe
611 1642 725 1686 aptae,
750 1642 788 1673 et
811 1634 1048 1673 enumeratio
1073 1646 1309 1685 consequen-

175 1689 302 1735 tium3
315 1687 598 1751 imprimisque
615 1696 830 1727 commovet
848 1688 1052 1761 explicatio
1070 1688 1246 1727 vocabuli
1264 1701 1312 1727 ac

178 1743 357 1783 nominis.

232 1799 378 1836 Filias.
411 1797 511 1837 Sunt
530 1797 701 1849 exposita
723 1798 806 1847 jam
825 1797 904 1836 fere
929 1810 987 1845 ea,
1008 1810 1096 1849 quae
1115 1797 1164 1835 de
1188 1796 1304 1844 facto,

177 1865 342 1906 quaeque
373 1851 422 1890 de
450 1851 540 1890 facti
569 1852 839 1903 appellatione,
871 1859 1110 1904 quaeruntur.
1151 1851 1308 1903 Nempe

175 1908 295 1959 igitur
313 1919 358 1945 ea
375 1912 531 1953 restant,
548 1919 648 1957 quae,
666 1919 755 1945 cum
770 1907 915 1945 facturn
929 1912 1087 1953 constet,
1101 1913 1304 1967 etnomen,

176 1961 309 2014 qualia
327 1960 417 2008 sint,
439 1967 595 1999 vocatur
613 1960 654 1998 in
673 1960 850 1999 dubium.
909 1962 1045 1999 Pater.
1075 1959 1149 1998 Est
1172 1959 1240 2008 ita,
1260 1966 1307 1998 ut

175 2016 281 2055 dicis.
338 2016 482 2053 Filius.
508 2013 609 2062 Quae
629 2023 717 2054 sunt
736 2015 854 2066 igitur
871 2015 911 2053 in
932 2028 977 2053 eo
995 2027 1132 2066 genere
1150 2015 1305 2066 partes?

176 2073 314 2109 Pater.
345 2069 434 2107 Aut
456 2069 543 2118 J'ure
568 2068 728 2115 factum,
756 2068 972 2121 depellendi
1001 2076 1069 2106 aut
1098 2067 1304 2107 ulciscendi

174 2123 316 2163 doloris
342 2123 481 2175 gratia,
509 2130 575 2161 aut
600 2123 765 2174 pietatis,
794 2132 861 2162 aut
887 2122 1093 2175 pudicitiae,
1122 2130 1189 2160 aut
1218 2121 1305 2160 reli-

175 2178 314 2230 gionis,
341 2186 409 2218 aut
434 2177 567 2230 patn'ae
592 2178 763 2228 nomine,
790 2186 858 2219 aut
881 2178 1049 2230 denique
1070 2176 1307 2224 necessitate,
