1456 2396
275 67 766 113 ACADEMICORUM
788 68 889 108 Lm.
910 67 946 107 Ι.
967 67 1074 107 CAP.
1095 67 1133 105 2.
1186 66 1266 110 267

143 191 220 229 que
248 185 370 216 artem
399 190 478 216 esse
507 190 577 216 nec
601 177 754 216 dicendi
781 190 851 216 nec
879 177 1086 216 disserendi
1114 182 1266 228 putant.

143 233 230 271 Nos
261 240 407 279 autem,
439 232 638 283 praeceptis
671 232 971 279 dialecticorum,
1005 240 1043 270 et
1074 238 1269 269 oratorum

143 286 261 325 etiam
288 286 491 348 (quoniam
515 294 721 338 utramque
747 287 827 324 vim
853 287 1035 325 virtutem
1054 299 1133 324 esse
1151 284 1271 323 nostri

141 347 299 392 putant)
320 341 372 379 sic
390 348 579 392 parentes,
605 349 650 378 ut
668 341 832 391 legibus,
860 341 1001 389 verbis,
1030 352 1271 392 quamquam

142 395 268 445 novis,
288 395 461 446 cogimur
480 395 562 433 uti:
585 409 673 446 quae
692 395 794 433 docti
814 399 873 439 (ut
889 396 986 442 dixi)
1007 409 1031 433 a
1045 394 1189 433 Graecis
1203 407 1270 445 pe-

141 456 221 488 tere
233 449 393 496 malent,
414 449 558 488 indocti
577 462 625 487 ne
644 463 667 488 a
686 449 797 487 nobis
817 450 974 501 quidem
994 449 1205 501 accipient;
1226 456 1272 486 ut

140 502 284 543 frustra
302 503 426 542 omnis
446 503 673 555 suscipiatur
691 504 812 542 labor.

197 559 227 597 J
229 572 294 597 am
313 571 401 597 vero
420 558 592 610 physica,
619 559 651 596 si
668 558 901 610 Epicurum,
923 558 963 596 id
983 566 1051 607 est,
1073 558 1104 596 si
1123 557 1271 596 Demo-

142 613 283 651 critum
297 614 515 665 probarem,
532 626 682 664 possem
699 613 860 651 scribere
874 612 928 650 ita
941 613 1069 663 plane,
1085 620 1130 650 ut
1143 613 1271 651 Ama-

141 666 281 706 fanius.
330 667 439 715 Quid
459 675 514 706 est
533 668 635 705 enim
656 680 859 718 magnum,
881 679 970 705 cum
991 680 1122 705 causas
1141 679 1271 705 rerum

144 721 391 761 efficientium
417 722 627 769 sustuleris,
655 722 702 760 de
730 721 1044 773 corpusculorum
1073 722 1143 764 (ita
1168 721 1272 759 enim

142 777 312 828 appellat
333 784 497 823 atomos)
518 777 763 815 concursione
780 776 940 815 fortuita
958 775 1097 827 loqui?
1128 776 1273 813 Nostra

142 838 187 869 tu
205 831 365 882 physica
389 831 504 879 misti,
525 845 613 883 quae
639 832 906 870 contineantur
932 844 980 869 ex
1000 830 1209 876 effectione,
1238 837 1274 867 et

143 898 193 923 ex
211 886 374 924 materia
392 886 451 934 ea,
468 898 587 937 quam
607 885 719 938 fingit
738 898 776 925 et
794 885 936 924 format
956 885 1112 923 effectio.
1143 884 1273 922 Adhi-

140 940 269 979 benda
305 940 409 979 enim
445 940 655 992 geometria
693 949 773 987 est;
816 940 1000 992 quoniam
1039 940 1274 992 quibusnam

142 995 350 1047 quisquam
377 995 575 1033 enuntiare
599 995 737 1043 verbis,
763 1003 831 1033 aut
850 1008 969 1046 quem
988 994 1037 1033 ad
1056 994 1274 1044 intelligen-

140 1049 238 1088 dum
263 1049 402 1101 poterit
421 1049 622 1098 adducere,
649 1049 734 1088 haec
752 1050 835 1102 ipsa
853 1050 902 1087 de
921 1049 1000 1088 vita
1025 1057 1063 1087 et
1084 1048 1272 1093 moribus,

140 1103 190 1141 de
209 1104 430 1156 expetendis
449 1104 721 1156 fugiendisque
739 1106 885 1143 rebus?
916 1104 984 1142 Illi
1003 1103 1106 1142 enim
1125 1103 1275 1154 simpli-

140 1158 235 1197 citer
260 1159 419 1210 pecudis
445 1167 483 1197 et
506 1159 675 1198 hominis
701 1159 805 1197 idem
824 1160 974 1197 bonum
994 1171 1073 1197 esse
1093 1165 1272 1197 censent:

141 1213 247 1264 apud
266 1222 413 1252 nostros
439 1220 584 1262 autem,
605 1227 684 1252 non
703 1213 870 1265 ignoras,
893 1227 981 1265 quae
1007 1213 1055 1251 sit
1074 1221 1111 1251 et
1130 1219 1277 1264 quanta

142 1267 346 1307 subtilitas.
377 1268 466 1308 Sive
485 1269 588 1307 enim
605 1269 803 1307 Zenonem
822 1281 995 1320 sequare,
1010 1279 1200 1319 magnum
1221 1274 1277 1305 est.

143 1322 304 1372 efficere,
331 1331 377 1361 ut
402 1323 488 1374 quis
514 1323 719 1375 intelligat,
749 1322 844 1375 quid
871 1323 919 1360 sit
944 1322 1043 1360 illud
1073 1334 1207 1360 verum
1239 1328 1277 1359 et

143 1376 311 1429 simplex
340 1380 503 1427 bonum,
531 1378 637 1430 quod
662 1390 739 1416 non
765 1377 885 1430 possit
915 1378 964 1415 ab
994 1377 1192 1415 honestate
1217 1389 1276 1414 se-

138 1431 277 1483 jungi:
310 1432 415 1485 quod
432 1434 581 1471 bonum
601 1432 716 1484 quale
735 1432 797 1481 sit,
818 1440 933 1483 negat
951 1431 1109 1470 omnino
1128 1430 1277 1482 Epicu-

144 1499 225 1548 rus,
239 1487 321 1525 sine
341 1487 604 1538 voluptatibus
623 1499 776 1525 sensum
796 1499 886 1525 mov
889 1487 1055 1533 entibus,
1069 1498 1139 1524 nec
1153 1485 1277 1537 suspi-

144 1540 247 1580 cari:
294 1541 327 1579 si
370 1554 460 1580 vero
503 1541 761 1580 Academiam
801 1550 968 1580 veterem
1001 1553 1277 1592 persequamur

142 1597 282 1647 (quam
314 1608 398 1644 nos,
434 1604 479 1634 ut
510 1596 595 1643 scis,
630 1597 873 1648 probamus),
905 1608 1024 1648 quam
1061 1593 1173 1647 [erit]
1208 1594 1277 1632 illa

141 1658 254 1689 acute
271 1651 500 1703 explicanda
518 1650 628 1689 nobis
644 1651 654 1689 2
677 1664 798 1703 quam
816 1658 965 1702 argute,
983 1662 1103 1702 quam
1117 1651 1278 1688 obscure

141 1704 276 1753 etiam,
297 1713 428 1744 contra
447 1706 594 1744 Stoicos
613 1705 879 1744 disserendum
895 1705 906 1742 1

198 1759 349 1798 Totum
367 1759 486 1812 igitur
504 1760 603 1798 illud
621 1760 874 1812 philosophiae
889 1758 1062 1797 studium
1077 1758 1175 1797 mihi
1190 1758 1277 1810 qui-

143 1813 235 1852 dem
261 1814 343 1865 ipse
369 1827 497 1863 sumo,
525 1822 563 1853 et
588 1814 639 1853 ad
663 1814 753 1853 vitae
783 1813 1038 1853 constantiam
1067 1816 1277 1865 (quantum

145 1876 338 1920 possum),
364 1878 402 1908 et
427 1869 476 1907 ad
496 1869 786 1908 delectationem
805 1868 950 1907 animi:
981 1881 1051 1906 nec
1069 1868 1197 1906 ullum
1217 1881 1278 1905 ar-

145 1922 281 1973 bitror,
310 1931 356 1961 ut
380 1924 486 1976 apud
516 1924 722 1962 Platonem
745 1931 815 1972 est,
841 1924 971 1973 majus
996 1930 1064 1960 aut
1088 1923 1228 1960 melius
1255 1935 1278 1959 a

144 1976 234 2016 Diis
269 1978 404 2017 datum
434 1991 578 2017 munus
607 1979 782 2016 homini:
814 1978 880 2017 sed
911 1990 1017 2016 meos
1049 1977 1206 2024 amicos,
1235 1975 1277 2013 in

145 2032 289 2083 quibus
319 2040 375 2072 est
404 2033 592 2082 studium,
623 2033 665 2071 in
692 2033 883 2072 Graeciam
908 2032 1037 2093 mitto,
1062 2031 1103 2069 id
1129 2039 1197 2077 est,
1228 2029 1278 2068 ad

146 2086 339 2126 Graecos
328 2101 383 2126 ire
404 2088 537 2137 jubeo,
564 2095 610 2126 ut
638 2101 682 2126 ea
704 2102 728 2127 a
745 2088 917 2126 fontibus
936 2086 1063 2139 potius
1082 2085 1277 2131 hauriant,

146 2154 269 2192 quam
287 2141 431 2181 rivulos
450 2149 723 2182 consectentur.
753 2142 855 2191 Quae
874 2149 1005 2180 autem
1024 2153 1139 2179 nemo
1153 2140 1280 2178 adhuc

149 2195 344 2247 docuerat,
372 2209 443 2237 nec
470 2204 563 2246 erat,
591 2197 695 2237 unde
721 2196 881 2236 studiosi
899 2196 993 2235 scire
1011 2202 1190 2247 possent3
1220 2207 1278 2240 ea,
