<?xml version="1.0" encoding="UTF-8"?>
<!DOCTYPE html PUBLIC "-//W3C//DTD XHTML 1.0 Transitional//EN"
    "http://www.w3.org/TR/xhtml1/DTD/xhtml1-transitional.dtd">
<html xmlns="http://www.w3.org/1999/xhtml" xml:lang="en" lang="en">
 <head>
  <title>
</title>
<meta http-equiv="Content-Type" content="text/html;charset=utf-8" />
  <meta name='ocr-system' content='tesseract 3.04.00' />
  <meta name='ocr-capabilities' content='ocr_page ocr_carea ocr_par ocr_line ocrx_word'/>
</head>
<body>
  <div class='ocr_page' id='page_1' title='image "./operaern02ciceuoft_0412.png"; bbox 0 0 1456 2396; ppageno 0'>
   <div class='ocr_carea' id='block_1_1' title="bbox 219 82 1187 134">
    <p class='ocr_par' dir='ltr' id='par_1_1' title="bbox 219 82 1187 134">
     <span class='ocr_line' id='line_1_1' title="bbox 219 82 1187 134; baseline 0.004 -12"><span class='ocrx_word' id='word_1_1' title='bbox 219 82 302 124; x_wconf 80' lang='lat'><strong>398</strong></span> <span class='ocrx_word' id='word_1_2' title='bbox 385 82 463 123; x_wconf 87' lang='lat' dir='ltr'><strong>DE</strong></span> <span class='ocrx_word' id='word_1_3' title='bbox 494 83 745 134; x_wconf 87' lang='lat' dir='ltr'><strong>FINIBUS,</strong></span> <span class='ocrx_word' id='word_1_4' title='bbox 775 85 877 126; x_wconf 76' lang='lat' dir='ltr'><strong>Lm.</strong></span> <span class='ocrx_word' id='word_1_5' title='bbox 898 85 956 126; x_wconf 85' lang='grc' dir='ltr'><strong>ΙΙ.</strong></span> <span class='ocrx_word' id='word_1_6' title='bbox 986 85 1095 126; x_wconf 71' lang='grc' dir='ltr'><strong>ΟΔΡ.</strong></span> <span class='ocrx_word' id='word_1_7' title='bbox 1124 85 1187 126; x_wconf 82' lang='grc'><strong>16.</strong></span> 
     </span>
    </p>
   </div>
   <div class='ocr_carea' id='block_1_2' title="bbox 197 193 1350 1453">
    <p class='ocr_par' dir='ltr' id='par_1_2' title="bbox 208 193 1350 733">
     <span class='ocr_line' id='line_1_2' title="bbox 216 193 1350 248; baseline 0.004 -18"><span class='ocrx_word' id='word_1_8' title='bbox 216 205 392 232; x_wconf 82' lang='lat' dir='ltr'>sermone</span> <span class='ocrx_word' id='word_1_9' title='bbox 409 193 599 245; x_wconf 87' lang='lat' dir='ltr'><strong>pendere.</strong></span> <span class='ocrx_word' id='word_1_10' title='bbox 588 196 610 223; x_wconf 99' lang='grc'><strong>9</strong></span> <span class='ocrx_word' id='word_1_11' title='bbox 637 194 747 244; x_wconf 89' lang='lat' dir='ltr'><strong>Quid</strong></span> <span class='ocrx_word' id='word_1_12' title='bbox 765 208 858 248; x_wconf 83' lang='lat' dir='ltr'><strong>ergo</strong></span> <span class='ocrx_word' id='word_1_13' title='bbox 881 195 955 236; x_wconf 86' lang='lat' dir='ltr'><strong>hoc</strong></span> <span class='ocrx_word' id='word_1_14' title='bbox 975 195 1061 236; x_wconf 81' lang='lat' dir='ltr'><strong>10oe</strong></span> <span class='ocrx_word' id='word_1_15' title='bbox 1078 193 1261 247; x_wconf 79' lang='lat' dir='ltr'><strong>intelligit</strong></span> <span class='ocrx_word' id='word_1_16' title='bbox 1277 194 1350 234; x_wconf 76' lang='lat' dir='ltr'><strong>ho-</strong></span> 
     </span>
     <span class='ocr_line' id='line_1_3' title="bbox 215 248 1348 304; baseline 0.003 -19"><span class='ocrx_word' id='word_1_17' title='bbox 215 255 394 287; x_wconf 71' lang='lat' dir='ltr'><strong>noetum.</strong></span> <span class='ocrx_word' id='word_1_18' title='bbox 384 250 402 276; x_wconf 93' lang='grc'><strong>9</strong></span> <span class='ocrx_word' id='word_1_19' title='bbox 432 248 547 288; x_wconf 81' lang='lat' dir='ltr'><strong>Certe</strong></span> <span class='ocrx_word' id='word_1_20' title='bbox 559 249 673 298; x_wconf 87' lang='lat' dir='ltr'><strong>nihil,</strong></span> <span class='ocrx_word' id='word_1_21' title='bbox 694 250 769 289; x_wconf 79' lang='lat' dir='ltr'><strong>nisi</strong></span> <span class='ocrx_word' id='word_1_22' title='bbox 787 250 893 304; x_wconf 87' lang='lat' dir='ltr'><strong>quod</strong></span> <span class='ocrx_word' id='word_1_23' title='bbox 911 250 1031 303; x_wconf 83' lang='lat' dir='ltr'><strong>possit</strong></span> <span class='ocrx_word' id='word_1_24' title='bbox 1046 250 1179 302; x_wconf 79' lang='lat' dir='ltr'><strong>ipsum</strong></span> <span class='ocrx_word' id='word_1_25' title='bbox 1187 256 1348 302; x_wconf 75' lang='lat' dir='ltr'><strong>propter</strong></span> 
     </span>
     <span class='ocr_line' id='line_1_4' title="bbox 214 302 1349 358; baseline 0.003 -18"><span class='ocrx_word' id='word_1_26' title='bbox 214 315 255 340; x_wconf 84' lang='lat' dir='ltr'><strong>se</strong></span> <span class='ocrx_word' id='word_1_27' title='bbox 269 302 358 351; x_wconf 84' lang='lat' dir='ltr'><strong>jure</strong></span> <span class='ocrx_word' id='word_1_28' title='bbox 374 303 550 342; x_wconf 80' lang='lat' dir='ltr'><strong>laudari.</strong></span> <span class='ocrx_word' id='word_1_29' title='bbox 572 317 680 353; x_wconf 83' lang='lat' dir='ltr'><strong>narn,</strong></span> <span class='ocrx_word' id='word_1_30' title='bbox 701 305 733 344; x_wconf 88' lang='lat' dir='ltr'><strong>si</strong></span> <span class='ocrx_word' id='word_1_31' title='bbox 750 313 906 357; x_wconf 83' lang='lat' dir='ltr'><strong>propter</strong></span> <span class='ocrx_word' id='word_1_32' title='bbox 924 305 1178 358; x_wconf 60' lang='lat' dir='ltr'><strong>voluptuarii,</strong></span> <span class='ocrx_word' id='word_1_33' title='bbox 1191 310 1349 358; x_wconf 82' lang='lat' dir='ltr'><strong>quaeest</strong></span> 
     </span>
     <span class='ocr_line' id='line_1_5' title="bbox 213 355 1343 412; baseline 0.004 -17"><span class='ocrx_word' id='word_1_34' title='bbox 213 355 287 395; x_wconf 85' lang='lat' dir='ltr'><strong>ista</strong></span> <span class='ocrx_word' id='word_1_35' title='bbox 305 357 404 405; x_wconf 87' lang='lat' dir='ltr'><strong>laus,</strong></span> <span class='ocrx_word' id='word_1_36' title='bbox 425 371 514 411; x_wconf 83' lang='lat' dir='ltr'><strong>quae</strong></span> <span class='ocrx_word' id='word_1_37' title='bbox 532 360 651 411; x_wconf 77' lang='lat' dir='ltr'><strong>possit</strong></span> <span class='ocrx_word' id='word_1_38' title='bbox 669 373 690 398; x_wconf 90' lang='lat' dir='ltr'><strong>e</strong></span> <span class='ocrx_word' id='word_1_39' title='bbox 708 361 870 399; x_wconf 84' lang='lat' dir='ltr'><strong>macello</strong></span> <span class='ocrx_word' id='word_1_40' title='bbox 888 360 991 412; x_wconf 85' lang='lat' dir='ltr'><strong>peti.</strong></span> <span class='ocrx_word' id='word_1_41' title='bbox 981 362 1000 387; x_wconf 93' lang='grc'><strong>9</strong></span> <span class='ocrx_word' id='word_1_42' title='bbox 1030 359 1155 399; x_wconf 86' lang='grc' dir='ltr'>Νοιι</span> <span class='ocrx_word' id='word_1_43' title='bbox 1143 372 1176 398; x_wconf 77' lang='lat'><strong>18</strong></span> <span class='ocrx_word' id='word_1_44' title='bbox 1194 359 1254 398; x_wconf 86' lang='lat' dir='ltr'><strong>vir</strong></span> <span class='ocrx_word' id='word_1_45' title='bbox 1271 365 1343 407; x_wconf 79' lang='lat' dir='ltr'><strong>est,</strong></span> 
     </span>
     <span class='ocr_line' id='line_1_6' title="bbox 212 413 1345 464; baseline 0.001 -14"><span class='ocrx_word' id='word_1_46' title='bbox 212 419 272 459; x_wconf 88' lang='lat' dir='ltr'><strong>ut,</strong></span> <span class='ocrx_word' id='word_1_47' title='bbox 303 425 393 451; x_wconf 89' lang='lat' dir='ltr'><strong>cum</strong></span> <span class='ocrx_word' id='word_1_48' title='bbox 419 413 659 453; x_wconf 86' lang='lat' dir='ltr'><strong>honestatem</strong></span> <span class='ocrx_word' id='word_1_49' title='bbox 685 428 730 454; x_wconf 87' lang='lat' dir='ltr'><strong>eo</strong></span> <span class='ocrx_word' id='word_1_50' title='bbox 754 415 838 454; x_wconf 89' lang='lat' dir='ltr'><strong>loco</strong></span> <span class='ocrx_word' id='word_1_51' title='bbox 863 415 1018 461; x_wconf 82' lang='lat' dir='ltr'><strong>habeat,</strong></span> <span class='ocrx_word' id='word_1_52' title='bbox 1041 422 1086 453; x_wconf 90' lang='lat' dir='ltr'><strong>ut</strong></span> <span class='ocrx_word' id='word_1_53' title='bbox 1111 414 1193 453; x_wconf 84' lang='lat' dir='ltr'><strong>sine</strong></span> <span class='ocrx_word' id='word_1_54' title='bbox 1217 414 1264 453; x_wconf 65' lang='grc' dir='ltr'>ὠ</span> <span class='ocrx_word' id='word_1_55' title='bbox 1277 414 1345 464; x_wconf 89' lang='lat' dir='ltr'><strong>ju-</strong></span> 
     </span>
     <span class='ocr_line' id='line_1_7' title="bbox 211 467 1344 521; baseline 0.002 -17"><span class='ocrx_word' id='word_1_56' title='bbox 211 467 338 506; x_wconf 83' lang='lat' dir='ltr'><strong>eunde</strong></span> <span class='ocrx_word' id='word_1_57' title='bbox 356 477 470 520; x_wconf 84' lang='lat' dir='ltr'><strong>neget</strong></span> <span class='ocrx_word' id='word_1_58' title='bbox 495 481 604 521; x_wconf 83' lang='lat' dir='ltr'><strong>posse</strong></span> <span class='ocrx_word' id='word_1_59' title='bbox 623 469 714 517; x_wconf 81' lang='lat' dir='ltr'><strong>vivi,</strong></span> <span class='ocrx_word' id='word_1_60' title='bbox 735 469 835 508; x_wconf 89' lang='lat' dir='ltr'><strong>illud</strong></span> <span class='ocrx_word' id='word_1_61' title='bbox 853 469 1074 518; x_wconf 62' lang='lat' dir='ltr'><strong>honestum,</strong></span> <span class='ocrx_word' id='word_1_62' title='bbox 1094 468 1200 521; x_wconf 86' lang='lat' dir='ltr'><strong>quod</strong></span> <span class='ocrx_word' id='word_1_63' title='bbox 1217 481 1344 520; x_wconf 87' lang='lat' dir='ltr'><strong>popu-</strong></span> 
     </span>
     <span class='ocr_line' id='line_1_8' title="bbox 210 520 1341 586; baseline 0.003 -27"><span class='ocrx_word' id='word_1_64' title='bbox 210 520 290 560; x_wconf 81' lang='lat' dir='ltr'><strong>lare</strong></span> <span class='ocrx_word' id='word_1_65' title='bbox 309 522 372 567; x_wconf 76' lang='lat' dir='ltr'><strong>sit..</strong></span> <span class='ocrx_word' id='word_1_66' title='bbox 395 523 545 571; x_wconf 78' lang='lat' dir='ltr'><strong>sentiat,</strong></span> <span class='ocrx_word' id='word_1_67' title='bbox 567 533 603 562; x_wconf 88' lang='lat' dir='ltr'><strong>et</strong></span> <span class='ocrx_word' id='word_1_68' title='bbox 622 525 703 564; x_wconf 88' lang='lat' dir='ltr'><strong>sine</strong></span> <span class='ocrx_word' id='word_1_69' title='bbox 720 537 765 563; x_wconf 87' lang='lat' dir='ltr'><strong>eo</strong></span> <span class='ocrx_word' id='word_1_70' title='bbox 782 524 954 574; x_wconf 88' lang='lat' dir='ltr'><strong>jucunde</strong></span> <span class='ocrx_word' id='word_1_71' title='bbox 972 531 1086 575; x_wconf 85' lang='lat' dir='ltr'><strong>neget</strong></span> <span class='ocrx_word' id='word_1_72' title='bbox 1106 523 1183 563; x_wconf 85' lang='lat' dir='ltr'><strong>vivi</strong></span> <span class='ocrx_word' id='word_1_73' title='bbox 1198 535 1341 586; x_wconf 75' lang='lat' dir='ltr'><strong>posse3</strong></span> 
     </span>
     <span class='ocr_line' id='line_1_9' title="bbox 208 576 1343 646; baseline 0.002 -32"><span class='ocrx_word' id='word_1_74' title='bbox 208 584 279 614; x_wconf 82' lang='lat' dir='ltr'><strong>aut</strong></span> <span class='ocrx_word' id='word_1_75' title='bbox 298 577 515 630; x_wconf 87' lang='lat' dir='ltr'><strong>quidquam</strong></span> <span class='ocrx_word' id='word_1_76' title='bbox 540 579 646 617; x_wconf 83' lang='lat' dir='ltr'><strong>aliud</strong></span> <span class='ocrx_word' id='word_1_77' title='bbox 673 579 878 618; x_wconf 61' lang='lat' dir='ltr'><strong>honestum</strong></span> <span class='ocrx_word' id='word_1_78' title='bbox 895 578 1109 646; x_wconf 71' lang='lat' dir='ltr'><strong>intelligat,</strong></span> <span class='ocrx_word' id='word_1_79' title='bbox 1136 577 1211 616; x_wconf 84' lang='lat' dir='ltr'><strong>nisi</strong></span> <span class='ocrx_word' id='word_1_80' title='bbox 1236 576 1343 630; x_wconf 80' lang='lat' dir='ltr'><strong>quod</strong></span> 
     </span>
     <span class='ocr_line' id='line_1_10' title="bbox 208 630 1342 687; baseline 0.003 -19"><span class='ocrx_word' id='word_1_81' title='bbox 208 630 258 669; x_wconf 83' lang='lat' dir='ltr'><strong>sit</strong></span> <span class='ocrx_word' id='word_1_82' title='bbox 277 640 439 680; x_wconf 86' lang='lat' dir='ltr'><strong>rectum,</strong></span> <span class='ocrx_word' id='word_1_83' title='bbox 461 633 668 686; x_wconf 84' lang='lat' dir='ltr'><strong>ipsumque</strong></span> <span class='ocrx_word' id='word_1_84' title='bbox 686 648 754 687; x_wconf 92' lang='lat' dir='ltr'><strong>per</strong></span> <span class='ocrx_word' id='word_1_85' title='bbox 773 647 826 682; x_wconf 90' lang='lat' dir='ltr'><strong>se,</strong></span> <span class='ocrx_word' id='word_1_86' title='bbox 847 647 918 673; x_wconf 86' lang='lat' dir='ltr'><strong>sua</strong></span> <span class='ocrx_word' id='word_1_87' title='bbox 936 634 989 683; x_wconf 82' lang='lat' dir='ltr'><strong>vi,</strong></span> <span class='ocrx_word' id='word_1_88' title='bbox 1010 646 1081 672; x_wconf 84' lang='lat' dir='ltr'><strong>sua</strong></span> <span class='ocrx_word' id='word_1_89' title='bbox 1099 640 1249 685; x_wconf 78' lang='lat' dir='ltr'><strong>sponte,</strong></span> <span class='ocrx_word' id='word_1_90' title='bbox 1269 631 1342 672; x_wconf 74' lang='lat' dir='ltr'><strong>sua</strong></span> 
     </span>
     <span class='ocr_line' id='line_1_11' title="bbox 208 687 590 733; baseline 0.013 -10"><span class='ocrx_word' id='word_1_91' title='bbox 208 687 363 733; x_wconf 78' lang='lat' dir='ltr'><strong>natura,</strong></span> <span class='ocrx_word' id='word_1_92' title='bbox 384 687 590 728; x_wconf 77' lang='lat' dir='ltr'><strong>laudabile.</strong></span> 
     </span>
    </p>

    <p class='ocr_par' dir='ltr' id='par_1_3' title="bbox 197 740 1342 1453">
     <span class='ocr_line' id='line_1_12' title="bbox 262 740 1342 805; baseline 0.002 -26"><span class='ocrx_word' id='word_1_93' title='bbox 262 740 382 780; x_wconf 89' lang='lat' dir='ltr'>XVI.</span> <span class='ocrx_word' id='word_1_94' title='bbox 422 743 574 796; x_wconf 78' lang='lat' dir='ltr'><strong>Itaque,</strong></span> <span class='ocrx_word' id='word_1_95' title='bbox 612 743 826 796; x_wconf 79' lang='lat' dir='ltr'><strong>Torquate,</strong></span> <span class='ocrx_word' id='word_1_96' title='bbox 864 756 953 782; x_wconf 90' lang='lat' dir='ltr'><strong>cum</strong></span> <span class='ocrx_word' id='word_1_97' title='bbox 986 741 1144 805; x_wconf 81' lang='lat' dir='ltr'><strong>diceres,</strong></span> <span class='ocrx_word' id='word_1_98' title='bbox 1173 742 1342 781; x_wconf 77' lang='lat' dir='ltr'><strong>clamare</strong></span> 
     </span>
     <span class='ocr_line' id='line_1_13' title="bbox 207 794 1340 850; baseline 0.003 -17"><span class='ocrx_word' id='word_1_99' title='bbox 207 794 441 847; x_wconf 86' lang='lat' dir='ltr'><strong>Epicurum,</strong></span> <span class='ocrx_word' id='word_1_100' title='bbox 471 811 549 837; x_wconf 91' lang='lat' dir='ltr'><strong>non</strong></span> <span class='ocrx_word' id='word_1_101' title='bbox 569 811 679 850; x_wconf 87' lang='lat' dir='ltr'><strong>posse</strong></span> <span class='ocrx_word' id='word_1_102' title='bbox 701 798 874 848; x_wconf 89' lang='lat' dir='ltr'><strong>jucunde</strong></span> <span class='ocrx_word' id='word_1_103' title='bbox 899 798 991 845; x_wconf 82' lang='lat' dir='ltr'><strong>vivi,</strong></span> <span class='ocrx_word' id='word_1_104' title='bbox 1018 797 1093 836; x_wconf 83' lang='lat' dir='ltr'><strong>nisi</strong></span> <span class='ocrx_word' id='word_1_105' title='bbox 1118 797 1277 836; x_wconf 82' lang='lat' dir='ltr'><strong>honeste</strong></span> <span class='ocrx_word' id='word_1_106' title='bbox 1301 804 1340 836; x_wconf 84' lang='lat' dir='ltr'><strong>et</strong></span> 
     </span>
     <span class='ocr_line' id='line_1_14' title="bbox 205 851 1340 915; baseline 0.002 -27"><span class='ocrx_word' id='word_1_107' title='bbox 205 851 397 902; x_wconf 76' lang='lat' dir='ltr'><strong>sapienter</strong></span> <span class='ocrx_word' id='word_1_108' title='bbox 415 860 453 891; x_wconf 85' lang='lat' dir='ltr'><strong>et</strong></span> <span class='ocrx_word' id='word_1_109' title='bbox 474 854 578 915; x_wconf 78' lang='lat' dir='ltr'><strong>juste</strong></span> <span class='ocrx_word' id='word_1_110' title='bbox 603 853 806 901; x_wconf 79' lang='lat' dir='ltr'><strong>viveretur,</strong></span> <span class='ocrx_word' id='word_1_111' title='bbox 829 861 871 892; x_wconf 90' lang='lat' dir='ltr'><strong>tu</strong></span> <span class='ocrx_word' id='word_1_112' title='bbox 891 854 973 905; x_wconf 89' lang='lat' dir='ltr'><strong>ipse</strong></span> <span class='ocrx_word' id='word_1_113' title='bbox 991 852 1089 891; x_wconf 87' lang='lat' dir='ltr'><strong>mihi</strong></span> <span class='ocrx_word' id='word_1_114' title='bbox 1106 851 1263 904; x_wconf 66' lang='lat' dir='ltr'><strong>gloriari</strong></span> <span class='ocrx_word' id='word_1_115' title='bbox 1281 851 1340 890; x_wconf 84' lang='lat' dir='ltr'><strong>vi-</strong></span> 
     </span>
     <span class='ocr_line' id='line_1_15' title="bbox 203 904 1339 959; baseline 0.002 -16"><span class='ocrx_word' id='word_1_116' title='bbox 203 904 355 944; x_wconf 88' lang='lat' dir='ltr'><strong>debare.</strong></span> <span class='ocrx_word' id='word_1_117' title='bbox 385 906 517 946; x_wconf 86' lang='lat' dir='ltr'><strong>Tanta</strong></span> <span class='ocrx_word' id='word_1_118' title='bbox 531 908 587 945; x_wconf 86' lang='lat' dir='ltr'><strong>vis</strong></span> <span class='ocrx_word' id='word_1_119' title='bbox 601 907 723 946; x_wconf 87' lang='lat' dir='ltr'><strong>inerat</strong></span> <span class='ocrx_word' id='word_1_120' title='bbox 738 908 778 946; x_wconf 90' lang='lat' dir='ltr'><strong>in</strong></span> <span class='ocrx_word' id='word_1_121' title='bbox 799 908 937 953; x_wconf 81' lang='lat' dir='ltr'><strong>verbis,</strong></span> <span class='ocrx_word' id='word_1_122' title='bbox 951 917 1107 959; x_wconf 87' lang='lat' dir='ltr'><strong>propter</strong></span> <span class='ocrx_word' id='word_1_123' title='bbox 1125 919 1260 945; x_wconf 75' lang='lat' dir='ltr'><strong>earum</strong></span> <span class='ocrx_word' id='word_1_124' title='bbox 1278 919 1339 945; x_wconf 83' lang='lat' dir='ltr'><strong>re-</strong></span> 
     </span>
     <span class='ocr_line' id='line_1_16' title="bbox 203 961 1338 1013; baseline 0 -14"><span class='ocrx_word' id='word_1_125' title='bbox 203 972 307 1007; x_wconf 89' lang='lat' dir='ltr'><strong>rum,</strong></span> <span class='ocrx_word' id='word_1_126' title='bbox 338 974 426 1013; x_wconf 87' lang='lat' dir='ltr'><strong>quae</strong></span> <span class='ocrx_word' id='word_1_127' title='bbox 445 962 761 1013; x_wconf 79' lang='lat' dir='ltr'><strong>significabantur</strong></span> <span class='ocrx_word' id='word_1_128' title='bbox 779 962 839 1001; x_wconf 88' lang='lat' dir='ltr'><strong>his</strong></span> <span class='ocrx_word' id='word_1_129' title='bbox 858 963 997 1009; x_wconf 77' lang='lat' dir='ltr'><strong>verbis,</strong></span> <span class='ocrx_word' id='word_1_130' title='bbox 1017 961 1262 1013; x_wconf 76' lang='lat' dir='ltr'><strong>dignitatem,</strong></span> <span class='ocrx_word' id='word_1_131' title='bbox 1291 968 1338 999; x_wconf 90' lang='grc' dir='ltr'><strong>ιιι</strong></span> 
     </span>
     <span class='ocr_line' id='line_1_17' title="bbox 201 989 1336 1079; baseline 0.001 -25"><span class='ocrx_word' id='word_1_132' title='bbox 201 989 315 1054; x_wconf 79' lang='lat' dir='ltr'><strong>altio&#39;r</strong></span> <span class='ocrx_word' id='word_1_133' title='bbox 340 1016 461 1061; x_wconf 86' lang='lat' dir='ltr'><strong>fieres,</strong></span> <span class='ocrx_word' id='word_1_134' title='bbox 492 1025 536 1054; x_wconf 89' lang='lat' dir='ltr'><strong>ut</strong></span> <span class='ocrx_word' id='word_1_135' title='bbox 559 1016 754 1055; x_wconf 86' lang='lat' dir='ltr'><strong>interdum</strong></span> <span class='ocrx_word' id='word_1_136' title='bbox 774 1017 977 1064; x_wconf 77' lang='lat' dir='ltr'><strong>insisteres,</strong></span> <span class='ocrx_word' id='word_1_137' title='bbox 997 1025 1057 1065; x_wconf 91' lang='lat' dir='ltr'><strong>ut,</strong></span> <span class='ocrx_word' id='word_1_138' title='bbox 1077 1028 1148 1055; x_wconf 89' lang='lat' dir='ltr'><strong>nos</strong></span> <span class='ocrx_word' id='word_1_139' title='bbox 1165 1016 1336 1079; x_wconf 74' lang='lat' dir='ltr'><strong>intuens,</strong></span> 
     </span>
     <span class='ocr_line' id='line_1_18' title="bbox 201 1071 1335 1122; baseline 0.001 -13"><span class='ocrx_word' id='word_1_140' title='bbox 201 1071 313 1122; x_wconf 83' lang='lat' dir='ltr'><strong>quasi</strong></span> <span class='ocrx_word' id='word_1_141' title='bbox 342 1072 596 1117; x_wconf 83' lang='lat' dir='ltr'><strong>testificarere,</strong></span> <span class='ocrx_word' id='word_1_142' title='bbox 630 1071 782 1109; x_wconf 87' lang='lat' dir='ltr'><strong>laudari</strong></span> <span class='ocrx_word' id='word_1_143' title='bbox 812 1071 1052 1110; x_wconf 82' lang='lat' dir='ltr'><strong>honestatem</strong></span> <span class='ocrx_word' id='word_1_144' title='bbox 1080 1079 1119 1109; x_wconf 88' lang='lat' dir='ltr'><strong>et</strong></span> <span class='ocrx_word' id='word_1_145' title='bbox 1142 1071 1335 1120; x_wconf 70' lang='lat' dir='ltr'><strong>justitiam</strong></span> 
     </span>
     <span class='ocr_line' id='line_1_19' title="bbox 201 1125 1336 1177; baseline 0.002 -14"><span class='ocrx_word' id='word_1_146' title='bbox 201 1125 412 1177; x_wconf 82' lang='lat' dir='ltr'><strong>aliquando</strong></span> <span class='ocrx_word' id='word_1_147' title='bbox 438 1128 486 1164; x_wconf 91' lang='lat' dir='ltr'><strong>ab</strong></span> <span class='ocrx_word' id='word_1_148' title='bbox 513 1126 696 1177; x_wconf 82' lang='lat' dir='ltr'><strong>Epicure.</strong></span> <span class='ocrx_word' id='word_1_149' title='bbox 738 1125 871 1174; x_wconf 87' lang='lat' dir='ltr'><strong>Quam</strong></span> <span class='ocrx_word' id='word_1_150' title='bbox 898 1134 937 1164; x_wconf 87' lang='lat' dir='ltr'><strong>te</strong></span> <span class='ocrx_word' id='word_1_151' title='bbox 961 1125 1154 1165; x_wconf 80' lang='lat' dir='ltr'><strong>decebat</strong></span> <span class='ocrx_word' id='word_1_152' title='bbox 1143 1125 1191 1164; x_wconf 76' lang='lat' dir='ltr'><strong>iis</strong></span> <span class='ocrx_word' id='word_1_153' title='bbox 1209 1125 1336 1165; x_wconf 77' lang='lat' dir='ltr'><strong>verbis</strong></span> 
     </span>
     <span class='ocr_line' id='line_1_20' title="bbox 198 1179 1336 1233; baseline 0.001 -15"><span class='ocrx_word' id='word_1_154' title='bbox 198 1179 272 1227; x_wconf 89' lang='lat' dir='ltr'><strong>uti,</strong></span> <span class='ocrx_word' id='word_1_155' title='bbox 302 1181 444 1232; x_wconf 90' lang='lat' dir='ltr'><strong>quibus</strong></span> <span class='ocrx_word' id='word_1_156' title='bbox 468 1181 498 1219; x_wconf 90' lang='lat' dir='ltr'><strong>si</strong></span> <span class='ocrx_word' id='word_1_157' title='bbox 518 1179 737 1232; x_wconf 84' lang='lat' dir='ltr'><strong>philosophi</strong></span> <span class='ocrx_word' id='word_1_158' title='bbox 756 1193 833 1218; x_wconf 90' lang='lat' dir='ltr'><strong>non</strong></span> <span class='ocrx_word' id='word_1_159' title='bbox 852 1188 1066 1227; x_wconf 82' lang='lat' dir='ltr'><strong>uterentur,</strong></span> <span class='ocrx_word' id='word_1_160' title='bbox 1090 1179 1336 1233; x_wconf 77' lang='lat' dir='ltr'><strong>philosophia</strong></span> 
     </span>
     <span class='ocr_line' id='line_1_21' title="bbox 199 1235 1333 1287; baseline 0.002 -14"><span class='ocrx_word' id='word_1_161' title='bbox 199 1235 359 1273; x_wconf 91' lang='lat' dir='ltr'><strong>omnino</strong></span> <span class='ocrx_word' id='word_1_162' title='bbox 392 1248 468 1274; x_wconf 88' lang='lat' dir='ltr'><strong>non</strong></span> <span class='ocrx_word' id='word_1_163' title='bbox 503 1235 727 1287; x_wconf 84' lang='lat' dir='ltr'><strong>egeremus!</strong></span> <span class='ocrx_word' id='word_1_164' title='bbox 780 1235 951 1274; x_wconf 87' lang='lat' dir='ltr'><strong>Istorum</strong></span> <span class='ocrx_word' id='word_1_165' title='bbox 988 1235 1093 1275; x_wconf 88' lang='lat' dir='ltr'><strong>enim</strong></span> <span class='ocrx_word' id='word_1_166' title='bbox 1126 1236 1333 1275; x_wconf 79' lang='lat' dir='ltr'><strong>verborum</strong></span> 
     </span>
     <span class='ocr_line' id='line_1_22' title="bbox 197 1289 1332 1397; baseline -0.001 -14"><span class='ocrx_word' id='word_1_167' title='bbox 197 1289 1332 1397; x_wconf 45' lang='lat' dir='ltr'><strong>ffifflzssffdfflszngflsffgfflmff&#39;mma</strong></span> 
     </span>
     <span class='ocr_line' id='line_1_23' title="bbox 197 1399 1330 1453; baseline 0.001 -15"><span class='ocrx_word' id='word_1_168' title='bbox 197 1399 304 1439; x_wconf 79' lang='lat' dir='ltr'><strong>simis</strong></span> <span class='ocrx_word' id='word_1_169' title='bbox 330 1401 494 1452; x_wconf 89' lang='lat' dir='ltr'><strong>ingeniis</strong></span> <span class='ocrx_word' id='word_1_170' title='bbox 519 1400 696 1439; x_wconf 82' lang='lat' dir='ltr'><strong>homines</strong></span> <span class='ocrx_word' id='word_1_171' title='bbox 725 1413 766 1439; x_wconf 87' lang='lat' dir='ltr'><strong>se</strong></span> <span class='ocrx_word' id='word_1_172' title='bbox 796 1399 846 1439; x_wconf 79' lang='lat' dir='ltr'><strong>ad</strong></span> <span class='ocrx_word' id='word_1_173' title='bbox 871 1399 1126 1453; x_wconf 68' lang='lat' dir='ltr'><strong>philosophie</strong></span> <span class='ocrx_word' id='word_1_174' title='bbox 1154 1399 1330 1440; x_wconf 76' lang='lat' dir='ltr'><strong>studium</strong></span> 
     </span>
    </p>
   </div>
   <div class='ocr_carea' id='block_1_3' title="bbox 196 1456 1330 1562">
    <p class='ocr_par' dir='ltr' id='par_1_4' title="bbox 196 1456 1330 1562">
     <span class='ocr_line' id='line_1_24' title="bbox 196 1456 454 1494; baseline 0.004 -1"><span class='ocrx_word' id='word_1_175' title='bbox 196 1456 454 1494; x_wconf 79' lang='lat' dir='ltr'><strong>contulerunt.</strong></span> 
     </span>
     <span class='ocr_line' id='line_1_25' title="bbox 251 1509 1330 1562; baseline 0.001 -13.05"><span class='ocrx_word' id='word_1_176' title='bbox 251 1510 564 1554; x_wconf 83' lang='lat' dir='ltr'><strong>“”Oculorum,</strong></span> <span class='ocrx_word' id='word_1_177' title='bbox 585 1509 713 1562; x_wconf 88' lang='lat' dir='ltr'><strong>inquit</strong></span> <span class='ocrx_word' id='word_1_178' title='bbox 733 1509 861 1557; x_wconf 74' lang='lat' dir='ltr'><strong>Plato,</strong></span> <span class='ocrx_word' id='word_1_179' title='bbox 883 1511 912 1532; x_wconf 76' lang='lat'><strong>‘⁶</strong></span> <span class='ocrx_word' id='word_1_180' title='bbox 929 1518 987 1549; x_wconf 83' lang='lat' dir='ltr'><strong>est</strong></span> <span class='ocrx_word' id='word_1_181' title='bbox 1003 1509 1044 1548; x_wconf 89' lang='lat' dir='ltr'><strong>in</strong></span> <span class='ocrx_word' id='word_1_182' title='bbox 1063 1509 1175 1549; x_wconf 84' lang='lat' dir='ltr'><strong>nobis</strong></span> <span class='ocrx_word' id='word_1_183' title='bbox 1195 1522 1330 1550; x_wconf 71' lang='lat' dir='ltr'><strong>suasus</strong></span> 
     </span>
    </p>
   </div>
   <div class='ocr_carea' id='block_1_4' title="bbox 188 1564 1377 1947">
    <p class='ocr_par' dir='ltr' id='par_1_5' title="bbox 188 1564 1377 1947">
     <span class='ocr_line' id='line_1_26' title="bbox 193 1564 1328 1618; baseline 0 -13"><span class='ocrx_word' id='word_1_184' title='bbox 193 1566 423 1605; x_wconf 76' lang='lat' dir='ltr'><strong>acerrimus:</strong></span> <span class='ocrx_word' id='word_1_185' title='bbox 447 1566 590 1618; x_wconf 90' lang='lat' dir='ltr'><strong>quibus</strong></span> <span class='ocrx_word' id='word_1_186' title='bbox 609 1565 836 1617; x_wconf 76' lang='lat' dir='ltr'><strong>sapientiam</strong></span> <span class='ocrx_word' id='word_1_187' title='bbox 856 1577 933 1603; x_wconf 90' lang='lat' dir='ltr'><strong>non</strong></span> <span class='ocrx_word' id='word_1_188' title='bbox 953 1564 1157 1604; x_wconf 75' lang='lat' dir='ltr'><strong>cernimus.</strong></span> <span class='ocrx_word' id='word_1_189' title='bbox 1192 1564 1328 1614; x_wconf 72' lang='lat' dir='ltr'><strong>Quam</strong></span> 
     </span>
     <span class='ocr_line' id='line_1_27' title="bbox 192 1618 1327 1668; baseline -0.001 -8"><span class='ocrx_word' id='word_1_190' title='bbox 192 1621 262 1660; x_wconf 83' lang='lat' dir='ltr'><strong>illa</strong></span> <span class='ocrx_word' id='word_1_191' title='bbox 276 1620 451 1660; x_wconf 82' lang='lat' dir='ltr'><strong>ardentes</strong></span> <span class='ocrx_word' id='word_1_192' title='bbox 466 1633 614 1659; x_wconf 85' lang='lat' dir='ltr'><strong>amores</strong></span> <span class='ocrx_word' id='word_1_193' title='bbox 629 1619 812 1659; x_wconf 79' lang='lat' dir='ltr'><strong>excitaret</strong></span> <span class='ocrx_word' id='word_1_194' title='bbox 825 1619 899 1668; x_wconf 84' lang='lat' dir='ltr'><strong>sui,</strong></span> <span class='ocrx_word' id='word_1_195' title='bbox 920 1619 952 1659; x_wconf 89' lang='lat' dir='ltr'><strong>si</strong></span> <span class='ocrx_word' id='word_1_196' title='bbox 967 1618 1159 1659; x_wconf 67' lang='lat' dir='ltr'><strong>videretur</strong></span> <span class='ocrx_word' id='word_1_197' title='bbox 1172 1619 1215 1658; x_wconf 85' lang='lat'><strong>!”</strong></span> <span class='ocrx_word' id='word_1_198' title='bbox 1243 1619 1327 1659; x_wconf 75' lang='lat' dir='ltr'><strong>Cur</strong></span> 
     </span>
     <span class='ocr_line' id='line_1_28' title="bbox 192 1673 1326 1728; baseline -0.001 -14"><span class='ocrx_word' id='word_1_199' title='bbox 192 1676 375 1715; x_wconf 81' lang='lat' dir='ltr'><strong>tandem.</strong></span> <span class='ocrx_word' id='word_1_200' title='bbox 366 1678 383 1702; x_wconf 89' lang='grc'><strong>9</strong></span> <span class='ocrx_word' id='word_1_201' title='bbox 413 1688 462 1714; x_wconf 88' lang='lat' dir='ltr'><strong>an</strong></span> <span class='ocrx_word' id='word_1_202' title='bbox 490 1675 595 1728; x_wconf 89' lang='lat' dir='ltr'><strong>quod</strong></span> <span class='ocrx_word' id='word_1_203' title='bbox 621 1675 675 1714; x_wconf 76' lang='lat' dir='ltr'><strong>ita</strong></span> <span class='ocrx_word' id='word_1_204' title='bbox 701 1674 840 1714; x_wconf 77' lang='lat' dir='ltr'><strong>callida</strong></span> <span class='ocrx_word' id='word_1_205' title='bbox 865 1683 936 1721; x_wconf 80' lang='lat' dir='ltr'><strong>est,</strong></span> <span class='ocrx_word' id='word_1_206' title='bbox 966 1682 1010 1714; x_wconf 89' lang='lat' dir='ltr'><strong>ut</strong></span> <span class='ocrx_word' id='word_1_207' title='bbox 1034 1673 1181 1726; x_wconf 79' lang='lat' dir='ltr'><strong>optime</strong></span> <span class='ocrx_word' id='word_1_208' title='bbox 1205 1674 1326 1727; x_wconf 82' lang='lat' dir='ltr'><strong>possit</strong></span> 
     </span>
     <span class='ocr_line' id='line_1_29' title="bbox 191 1728 1377 1782; baseline 0 -14"><span class='ocrx_word' id='word_1_209' title='bbox 191 1730 430 1769; x_wconf 73' lang='lat' dir='ltr'><strong>architectari</strong></span> <span class='ocrx_word' id='word_1_210' title='bbox 457 1731 703 1782; x_wconf 61' lang='lat' dir='ltr'><strong>voluptates?</strong></span> <span class='ocrx_word' id='word_1_211' title='bbox 734 1729 816 1768; x_wconf 84' lang='lat' dir='ltr'><strong>Cur</strong></span> <span class='ocrx_word' id='word_1_212' title='bbox 838 1729 990 1779; x_wconf 76' lang='lat' dir='ltr'><strong>justitia</strong></span> <span class='ocrx_word' id='word_1_213' title='bbox 1013 1728 1227 1768; x_wconf 74' lang='lat' dir='ltr'><strong>laudatur?</strong></span> <span class='ocrx_word' id='word_1_214' title='bbox 1255 1737 1326 1769; x_wconf 65' lang='lat' dir='ltr'><strong>aut</strong></span> <span class='ocrx_word' id='word_1_215' title='bbox 1372 1746 1377 1748; x_wconf 51' lang='lat'>&gt;</span> 
     </span>
     <span class='ocr_line' id='line_1_30' title="bbox 190 1783 1325 1836; baseline -0.001 -12"><span class='ocrx_word' id='word_1_216' title='bbox 190 1785 296 1824; x_wconf 88' lang='lat' dir='ltr'><strong>unde</strong></span> <span class='ocrx_word' id='word_1_217' title='bbox 310 1793 366 1825; x_wconf 82' lang='lat' dir='ltr'><strong>est</strong></span> <span class='ocrx_word' id='word_1_218' title='bbox 379 1785 452 1823; x_wconf 90' lang='lat' dir='ltr'><strong>hoc</strong></span> <span class='ocrx_word' id='word_1_219' title='bbox 466 1786 674 1824; x_wconf 87' lang='lat' dir='ltr'><strong>contritum</strong></span> <span class='ocrx_word' id='word_1_220' title='bbox 690 1791 878 1823; x_wconf 74' lang='lat' dir='ltr'><strong>vetustate</strong></span> <span class='ocrx_word' id='word_1_221' title='bbox 891 1783 1187 1836; x_wconf 66' lang='grc' dir='ltr'><strong>ριονίιι-ῑιίιιιιι,ι</strong></span> <span class='ocrx_word' id='word_1_222' title='bbox 1175 1786 1205 1807; x_wconf 86' lang='grc'>“</span> <span class='ocrx_word' id='word_1_223' title='bbox 1219 1783 1325 1833; x_wconf 83' lang='lat' dir='ltr'><strong>Qui-</strong></span> 
     </span>
     <span class='ocr_line' id='line_1_31' title="bbox 189 1837 1323 1885; baseline -0.001 -6"><span class='ocrx_word' id='word_1_224' title='bbox 189 1852 279 1879; x_wconf 88' lang='lat' dir='ltr'><strong>cum</strong></span> <span class='ocrx_word' id='word_1_225' title='bbox 298 1840 339 1879; x_wconf 86' lang='lat' dir='ltr'><strong>’m</strong></span> <span class='ocrx_word' id='word_1_226' title='bbox 360 1840 556 1878; x_wconf 73' lang='lat' dir='ltr'><strong>tenebm”</strong></span> <span class='ocrx_word' id='word_1_227' title='bbox 610 1839 746 1885; x_wconf 86' lang='lat' dir='ltr'><strong>.Hoc,</strong></span> <span class='ocrx_word' id='word_1_228' title='bbox 767 1838 946 1878; x_wconf 79' lang='lat' dir='ltr'><strong>dictum</strong></span> <span class='ocrx_word' id='word_1_229' title='bbox 934 1851 975 1878; x_wconf 86' lang='grc' dir='ltr'><strong>ιιι</strong></span> <span class='ocrx_word' id='word_1_230' title='bbox 996 1850 1077 1877; x_wconf 85' lang='lat' dir='ltr'><strong>una</strong></span> <span class='ocrx_word' id='word_1_231' title='bbox 1095 1851 1151 1885; x_wconf 81' lang='lat' dir='ltr'><strong>re,</strong></span> <span class='ocrx_word' id='word_1_232' title='bbox 1181 1837 1323 1878; x_wconf 70' lang='lat' dir='ltr'><strong>latissi-</strong></span> 
     </span>
     <span class='ocr_line' id='line_1_32' title="bbox 188 1892 1323 1947; baseline 0 -14"><span class='ocrx_word' id='word_1_233' title='bbox 188 1906 257 1933; x_wconf 88' lang='lat' dir='ltr'><strong>me</strong></span> <span class='ocrx_word' id='word_1_234' title='bbox 280 1903 412 1947; x_wconf 81' lang='lat' dir='ltr'><strong>patet:</strong></span> <span class='ocrx_word' id='word_1_235' title='bbox 443 1903 502 1942; x_wconf 88' lang='lat' dir='ltr'><strong>ut,</strong></span> <span class='ocrx_word' id='word_1_236' title='bbox 523 1894 563 1932; x_wconf 91' lang='lat' dir='ltr'><strong>in</strong></span> <span class='ocrx_word' id='word_1_237' title='bbox 587 1893 770 1934; x_wconf 85' lang='lat' dir='ltr'><strong>omnibus</strong></span> <span class='ocrx_word' id='word_1_238' title='bbox 789 1892 912 1943; x_wconf 78' lang='lat' dir='ltr'><strong>factis,</strong></span> <span class='ocrx_word' id='word_1_239' title='bbox 933 1907 988 1942; x_wconf 84' lang='lat' dir='ltr'><strong>re,</strong></span> <span class='ocrx_word' id='word_1_240' title='bbox 1008 1905 1088 1933; x_wconf 87' lang='lat' dir='ltr'><strong>non</strong></span> <span class='ocrx_word' id='word_1_241' title='bbox 1107 1900 1218 1941; x_wconf 79' lang='lat' dir='ltr'><strong>teste,</strong></span> <span class='ocrx_word' id='word_1_242' title='bbox 1237 1905 1323 1933; x_wconf 88' lang='lat' dir='ltr'><strong>mo-</strong></span> 
     </span>
    </p>
   </div>
   <div class='ocr_carea' id='block_1_5' title="bbox 189 1962 1322 2070">
    <p class='ocr_par' dir='ltr' id='par_1_6' title="bbox 189 1962 1322 2070">
     <span class='ocr_line' id='line_1_33' title="bbox 189 1962 1322 2070; baseline -0.002 -26"><span class='ocrx_word' id='word_1_243' title='bbox 189 1962 362 2044; x_wconf 51' lang='grc' dir='ltr'><strong>νΕὸὃῐιῃιέιιῖ</strong></span> <span class='ocrx_word' id='word_1_244' title='bbox 364 2003 478 2067; x_wconf 79' lang='lat' dir='ltr'><strong>enim</strong></span> <span class='ocrx_word' id='word_1_245' title='bbox 486 2004 585 2043; x_wconf 75' lang='lat' dir='ltr'><strong>levia</strong></span> <span class='ocrx_word' id='word_1_246' title='bbox 611 2011 648 2042; x_wconf 87' lang='lat' dir='ltr'><strong>et</strong></span> <span class='ocrx_word' id='word_1_247' title='bbox 667 2002 906 2070; x_wconf 69' lang='lat' dir='ltr'><strong>pei-infima,</strong></span> <span class='ocrx_word' id='word_1_248' title='bbox 938 2016 1026 2056; x_wconf 81' lang='lat' dir='ltr'><strong>quae</strong></span> <span class='ocrx_word' id='word_1_249' title='bbox 1053 2001 1281 2042; x_wconf 71' lang='lat' dir='ltr'><strong>dicebantur</strong></span> <span class='ocrx_word' id='word_1_250' title='bbox 1296 2015 1322 2042; x_wconf 70' lang='lat' dir='ltr'>a</span> 
     </span>
    </p>
   </div>
   <div class='ocr_carea' id='block_1_6' title="bbox 180 2057 1321 2276">
    <p class='ocr_par' dir='ltr' id='par_1_7' title="bbox 180 2057 1321 2276">
     <span class='ocr_line' id='line_1_34' title="bbox 186 2057 1320 2110; baseline 0 -12"><span class='ocrx_word' id='word_1_251' title='bbox 186 2066 225 2098; x_wconf 88' lang='lat' dir='ltr'><strong>te</strong></span> <span class='ocrx_word' id='word_1_252' title='bbox 243 2072 334 2098; x_wconf 88' lang='lat' dir='ltr'><strong>cum</strong></span> <span class='ocrx_word' id='word_1_253' title='bbox 359 2059 480 2098; x_wconf 78' lang='lat' dir='ltr'><strong>animi</strong></span> <span class='ocrx_word' id='word_1_254' title='bbox 499 2059 727 2098; x_wconf 78' lang='lat' dir='ltr'><strong>conscientia</strong></span> <span class='ocrx_word' id='word_1_255' title='bbox 753 2058 949 2110; x_wconf 88' lang='lat' dir='ltr'><strong>improbos</strong></span> <span class='ocrx_word' id='word_1_256' title='bbox 979 2057 1203 2102; x_wconf 77' lang='lat' dir='ltr'><strong>excruciari,</strong></span> <span class='ocrx_word' id='word_1_257' title='bbox 1233 2065 1320 2098; x_wconf 71' lang='lat' dir='ltr'><strong>tum</strong></span> 
     </span>
     <span class='ocr_line' id='line_1_35' title="bbox 185 2112 1321 2167; baseline -0.002 -14"><span class='ocrx_word' id='word_1_258' title='bbox 185 2114 302 2153; x_wconf 82' lang='lat' dir='ltr'><strong>etiam</strong></span> <span class='ocrx_word' id='word_1_259' title='bbox 320 2127 445 2167; x_wconf 81' lang='lat' dir='ltr'><strong>poenae</strong></span> <span class='ocrx_word' id='word_1_260' title='bbox 459 2114 624 2157; x_wconf 70' lang='lat' dir='ltr'><strong>timot-et.</strong></span> <span class='ocrx_word' id='word_1_261' title='bbox 655 2126 734 2165; x_wconf 84' lang='lat' dir='ltr'><strong>qua</strong></span> <span class='ocrx_word' id='word_1_262' title='bbox 748 2121 816 2151; x_wconf 83' lang='lat' dir='ltr'><strong>aut</strong></span> <span class='ocrx_word' id='word_1_263' title='bbox 835 2112 1065 2160; x_wconf 78' lang='lat' dir='ltr'><strong>afficiantur,</strong></span> <span class='ocrx_word' id='word_1_264' title='bbox 1086 2121 1155 2151; x_wconf 80' lang='lat' dir='ltr'><strong>aut</strong></span> <span class='ocrx_word' id='word_1_265' title='bbox 1168 2124 1321 2164; x_wconf 83' lang='lat' dir='ltr'><strong>semper</strong></span> 
     </span>
     <span class='ocr_line' id='line_1_36' title="bbox 185 2141 1318 2220; baseline 0 -14"><span class='ocrx_word' id='word_1_266' title='bbox 185 2169 262 2207; x_wconf 82' lang='lat' dir='ltr'><strong>sint</strong></span> <span class='ocrx_word' id='word_1_267' title='bbox 280 2169 321 2207; x_wconf 89' lang='lat' dir='ltr'><strong>in</strong></span> <span class='ocrx_word' id='word_1_268' title='bbox 340 2177 462 2217; x_wconf 85' lang='lat' dir='ltr'><strong>metu,</strong></span> <span class='ocrx_word' id='word_1_269' title='bbox 489 2181 539 2208; x_wconf 89' lang='lat' dir='ltr'><strong>ne</strong></span> <span class='ocrx_word' id='word_1_270' title='bbox 568 2168 785 2206; x_wconf 81' lang='lat' dir='ltr'><strong>afficiantur</strong></span> <span class='ocrx_word' id='word_1_271' title='bbox 803 2167 1024 2220; x_wconf 78' lang='lat' dir='ltr'><strong>aliquando.</strong></span> <span class='ocrx_word' id='word_1_272' title='bbox 1053 2141 1148 2206; x_wconf 60' lang='lat' dir='ltr'><strong>&#39;Non</strong></span> <span class='ocrx_word' id='word_1_273' title='bbox 1167 2174 1318 2219; x_wconf 76' lang='lat' dir='ltr'><strong>oportet</strong></span> 
     </span>
     <span class='ocr_line' id='line_1_37' title="bbox 180 2222 1316 2276; baseline -0.001 -14"><span class='ocrx_word' id='word_1_274' title='bbox 180 2223 364 2264; x_wconf 84' lang='lat' dir='ltr'><strong>timidum</strong></span> <span class='ocrx_word' id='word_1_275' title='bbox 401 2232 471 2263; x_wconf 78' lang='lat' dir='ltr'><strong>aut</strong></span> <span class='ocrx_word' id='word_1_276' title='bbox 501 2222 697 2263; x_wconf 80' lang='lat' dir='ltr'><strong>imbecillo</strong></span> <span class='ocrx_word' id='word_1_277' title='bbox 725 2222 858 2263; x_wconf 80' lang='lat' dir='ltr'><strong>animo</strong></span> <span class='ocrx_word' id='word_1_278' title='bbox 889 2222 1014 2276; x_wconf 83' lang='lat' dir='ltr'><strong>fingi;</strong></span> <span class='ocrx_word' id='word_1_279' title='bbox 1051 2233 1131 2262; x_wconf 82' lang='lat' dir='ltr'><strong>non</strong></span> <span class='ocrx_word' id='word_1_280' title='bbox 1165 2223 1316 2262; x_wconf 86' lang='lat' dir='ltr'><strong>bonum</strong></span> 
     </span>
    </p>
   </div>
  </div>
 </body>
</html>
