1456 2396
203 110 255 155 70
526 109 785 164 ORATOR,
807 112 912 152 CAP.
928 112 992 158 71.

203 218 257 256 let
281 215 430 269 lingua,
454 229 498 258 eo
522 231 672 271 genere,
700 233 778 274 quo
803 220 862 260 illi
886 221 1032 261 volunt.
1072 217 1240 258 Facilius
1265 225 1322 257 est

205 270 310 310 enim
328 279 418 324 apta
435 272 651 324 dissolvere,
671 281 791 327 quam
809 275 990 328 dissipata
1007 280 1238 313 connectere.

261 325 341 364 Res
360 333 489 365 autem
507 340 547 368 se
560 328 612 367 sic
629 328 758 379 habet,
773 332 834 374 (ut
846 329 1066 368 brevissime
1077 327 1203 366 dicam
1215 326 1322 379 quod

206 379 344 428 sentio)
364 382 569 433 composite
583 390 620 422 et
633 390 735 435 apte,
752 384 831 423 sine
845 383 1053 432 sententiis,
1069 381 1205 430 dicere,
1220 381 1323 419 insa-

206 433 275 472 nia
293 442 371 472 est:
401 436 626 476 sententiose
649 446 793 487 autem,
814 438 894 477 sine
914 439 1116 476 verborum
1135 442 1173 474 et
1190 435 1323 473 ordine

209 494 248 526 et
265 488 395 538 modo,
414 489 602 538 infantia3
632 491 697 530 sed
715 492 903 542 ejusmodi
928 499 1057 530 tamen
1080 489 1257 535 infantia,
1277 494 1324 526 ut

207 541 256 580 ea
277 542 346 594 qui
369 550 541 594 utantur,
567 557 646 584 non
675 546 782 584 stulti
809 546 983 585 homines
1008 543 1141 584 haberi
1164 543 1325 595 possint,

208 595 325 634 etiam
349 597 578 651 plerumque
594 600 824 652 prudentes:
855 613 932 652 quo
950 599 1018 652 qui
1035 606 1092 637 est
1109 604 1324 645 contentus,

209 656 352 689 utatur.
380 651 578 705 Eloquens
589 667 690 702 vero,
707 655 775 706 qui
786 668 863 693 non
877 653 1168 706 approbationes
1182 652 1324 699 solum,

209 704 278 742 sed
294 705 575 756 admirationes,
591 708 787 759 clamores,
802 709 974 761 plausuS,
990 708 1022 746 si
1033 707 1160 755 liceat,
1171 717 1326 744 movere

211 757 337 809 debet,
357 761 536 801 omnibus
553 769 700 814 oportet
717 763 772 801 ita
785 764 898 802 rebus
916 762 1090 811 excellat,
1105 767 1151 800 ut
1165 760 1200 799 ei
1213 767 1327 812 turpe

210 812 274 863 sit,
293 813 508 867 quidquam
527 824 594 854 aut
612 817 771 868 spectari
789 824 856 856 aut
875 816 1000 855 auditi
1017 814 1209 854 libentius.

266 866 399 907 Habes
423 882 556 909 meum
579 869 628 908 de
653 878 814 921 oratore,
836 871 974 920 Brute,
996 869 1201 921 judicium,
1222 866 1328 919 quod

210 927 280 959 aut
305 923 476 973 sequere,
504 924 535 962 si
558 925 800 976 probaveris3
830 932 897 964 aut
921 932 988 964 tuo
1014 923 1143 972 stabis,
1164 922 1195 961 si
1220 921 1327 960 aliud

211 975 408 1026 quoddam
425 985 481 1017 est
499 985 624 1018 tuum.
663 979 714 1018 In
733 992 811 1031 quo
828 991 953 1031 neque
976 979 1158 1030 pugnabo
1182 984 1326 1024 tecum,

210 1040 336 1080 neque
352 1030 424 1069 hoc
442 1044 588 1080 meum,
607 1032 656 1072 de
673 1046 750 1085 quo
768 1040 964 1085 tantopere
981 1033 1054 1071 hoc
1067 1032 1166 1070 libro
1180 1043 1327 1069 asseve-

211 1084 307 1134 ravi,
323 1096 497 1137 unquam
511 1086 708 1126 affirmabo
723 1101 800 1127 esse
812 1088 950 1136 verius,
966 1099 1083 1138 quam
1095 1093 1222 1124 tuum.
1252 1084 1331 1122 Po-

212 1143 286 1176 test
303 1139 406 1177 enim
423 1152 501 1178 non
521 1141 646 1180 solum
660 1141 765 1180 aliud
778 1141 888 1190 mihi,
905 1154 948 1180 ac
962 1141 1047 1191 tibi,
1063 1140 1129 1179 sed
1142 1139 1239 1178 mihi
1253 1137 1327 1190 ipsi

210 1191 319 1230 aliud
333 1193 426 1232 alias
443 1194 585 1233 videri:
615 1207 685 1235 nec
702 1196 743 1235 in
761 1196 832 1234 hac
850 1195 966 1234 modo
983 1208 1038 1243 re,
1059 1208 1146 1246 quae
1158 1193 1208 1232 ad
1219 1192 1327 1244 vulgi

213 1258 409 1285 assensum
428 1256 584 1299 spectat,
601 1256 637 1288 et
655 1249 704 1288 ad
718 1250 870 1289 aurium
885 1249 1136 1300 voluptatem,
1149 1261 1236 1300 quae
1250 1247 1330 1285 duo

213 1306 306 1338 sunt
321 1300 370 1338 ad
384 1302 637 1351 judicandum
658 1302 883 1354 [novissima
898 1305 933 1356 ς]
950 1302 1015 1342 sed
1026 1315 1075 1341 ne
1093 1303 1132 1341 in
1147 1301 1330 1340 maximis

213 1354 372 1405 quidem
391 1357 517 1408 rebus,
537 1358 750 1410 quidquam
768 1358 893 1397 adhuc
906 1357 1035 1396 inveni
1049 1356 1211 1406 firmius,
1224 1355 1329 1408 quod

214 1416 398 1457 tenerem,
418 1419 485 1449 aut
503 1424 580 1464 quo
595 1412 785 1462 judicium
809 1425 942 1451 meum
970 1411 1186 1463 dirigerem,
1207 1422 1328 1463 quam

226 1461 268 1512 d,
288 1463 559 1518 quodcumque
576 1466 673 1505 mihi
691 1480 809 1519 quam
828 1465 1068 1505 simillimum
1087 1465 1166 1504 veri
1185 1464 1331 1504 videre-

214 1523 292 1567 tur,
313 1531 402 1558 cum
420 1519 548 1570 ipsum
567 1520 665 1558 illud
689 1534 822 1560 verum
846 1521 887 1559 in
915 1520 1063 1559 occulto
1080 1519 1225 1558 lateret.
1260 1518 1327 1556 Tu

214 1578 360 1621 autem,
379 1574 509 1624 velim,
535 1575 567 1613 si
586 1575 656 1614 tibi
673 1587 731 1625 ea,
752 1588 840 1627 quae
863 1575 1055 1626 disputata
1075 1580 1178 1621 sunt,
1198 1572 1329 1612 minus

215 1629 495 1679 probabuntur,
521 1637 566 1668 ut
592 1636 660 1668 aut
685 1631 811 1680 majus
839 1642 935 1680 opus
959 1628 1174 1666 institutum
1202 1634 1327 1678 putes,

219 1695 338 1734 quam
357 1682 453 1722 effici
471 1684 649 1735 potuerit,
669 1690 751 1732 aut,
771 1683 866 1721 dum
885 1682 955 1721 tibi
974 1681 1123 1733 roganti
1141 1681 1327 1719 voluerim

216 1737 390 1790 obsequi,
410 1737 636 1778 verecundia
652 1737 831 1790 negandi,
851 1736 1038 1777 scribendi
1050 1749 1114 1776 me
1127 1734 1333 1788 impuden-

220 1792 315 1832 tiam
334 1792 551 1845 suscepisse.
