1456 2396
247 101 323 140 182
360 101 444 141 AD
472 84 965 151 HERENNIUM,1111'³.
984 102 1043 141 11.
1059 102 1165 142 cn.
1178 104 1247 142 28.

303 211 331 232 “
351 210 394 249 N
394 223 469 250 unc
486 223 556 262 ego
573 218 612 250 te
629 213 678 250 ab
696 218 847 250 summo
862 212 946 262 jam
963 210 1141 250 detexam
1159 210 1356 250 exordio.''

249 316 353 356 Item
370 317 549 357 vitiosum
563 326 631 368 est,
646 319 750 371 quod
768 319 906 358 dicitur
919 325 1053 358 contra
1066 318 1205 369 judicis
1222 319 1359 357 volun-2

250 378 382 418 tatem,
409 380 477 410 aut
502 386 632 411 eorum
658 374 726 425 qui
743 373 919 422 audiunt,
940 374 973 411 si
992 381 1059 411 aut
1076 379 1201 424 partes
1219 373 1360 423 quibus

250 424 309 462 illi
335 426 501 474 student,
530 434 596 465 aut
620 427 792 466 homines
811 440 906 479 quos
924 427 982 464 illi
1000 440 1103 465 caros
1120 427 1275 474 habent,
1294 427 1362 464 lae-

250 478 404 527 dantur,
425 488 491 518 aut
504 481 633 533 aliquo
650 481 871 530 hujusmodi
889 481 980 520 vitio
1003 481 1164 519 laedatur
1182 480 1363 518 auditoris

251 533 438 572 voluntas.
487 535 588 573 Item
614 535 793 573 vitiosum
818 542 887 582 est,
907 547 984 573 non
1003 547 1134 573 omnes
1152 547 1211 572 res
1228 534 1362 572 confir-

251 598 371 635 mare,
391 601 486 639 quas
503 589 692 640 pollicitus
711 589 760 627 sis
778 589 818 626 in
838 589 1081 640 expositione.
1111 589 1214 627 Item
1233 600 1363 626 veren-

252 639 347 678 dum
366 650 434 690 est,
455 655 503 680 ne
517 642 564 680 de
582 643 656 681 alia
674 656 714 681 re
733 643 892 690 dicatur,
904 656 993 681 cum
1012 643 1088 681 alia
1101 643 1148 680 de
1162 655 1202 680 re
1216 648 1364 680 contro-

253 694 374 732 versia
387 696 454 734 sit:
482 696 599 748 inque
616 697 838 746 hujusmodi
856 696 948 735 vitio
965 696 1279 735 considerandum
1294 703 1364 742 est,

253 759 303 785 ne
321 756 387 786 aut
401 749 450 787 ad
467 763 548 788 rem
563 750 723 788 addatur
742 750 850 802 quid,
871 757 938 788 aut
956 751 1155 802 quidpiam
1175 750 1222 788 de
1239 762 1281 787 re
1298 749 1365 787 de-

254 801 454 848 trahatur;
488 812 555 842 aut
580 812 659 842 tota
686 818 798 843 causa
825 811 974 842 mutata
999 804 1040 842 in
1067 804 1185 842 aliam
1212 816 1365 842 causam

253 855 471 903 derivetur3
500 858 557 895 uti
572 859 674 910 apud
694 858 905 896 Pacuvium
927 858 1070 896 Zethus
1089 871 1178 896 cum
1195 857 1366 907 Amphi-

255 922 342 957 one,
363 924 528 961 quorum
548 912 797 950 controversia
815 925 904 950 cum
916 911 963 950 de
977 912 1123 950 musica
1135 911 1291 949 inducta
1302 910 1364 957 sit,

254 963 462 1015 disputatio
484 966 524 1003 in
550 966 742 1017 sapientiae
766 966 966 1014 rationem,
994 973 1032 1003 et
1052 965 1202 1004 virtutis
1223 964 1368 1003 utilita-

254 1023 350 1066 tem,
370 1019 616 1056 consumitur.
652 1021 753 1058 Item
771 1019 1087 1058 considerandum
1106 1026 1176 1067 est,
1196 1032 1244 1056 ne
1262 1017 1368 1056 aliud

255 1073 480 1110 accusatoris
505 1073 717 1112 criminatio
735 1074 938 1121 contineat,
957 1073 1063 1111 aliud
1087 1072 1292 1111 defensoris
1309 1085 1369 1109 ra-

255 1125 310 1163 tio
328 1133 465 1176 purget
480 1141 493 1172 ;
522 1127 625 1178 quod
643 1141 742 1177 saepe
761 1128 932 1165 consulto
950 1127 1064 1164 multi
1083 1128 1131 1165 ab
1146 1139 1209 1164 reo
1223 1125 1369 1164 faciunt

257 1180 442 1229 angustiis
468 1194 590 1218 causae
615 1181 756 1218 coactiz
786 1181 857 1227 uti,
883 1181 914 1218 si
935 1181 1034 1231 quis,
1061 1193 1150 1218 cum
1176 1186 1370 1218 accusetur

257 1233 406 1271 ambitu
425 1235 691 1285 magistratum
707 1234 859 1285 petisse,
878 1235 926 1272 ab
945 1233 1235 1285 imperatoribus
1254 1246 1371 1284 saepe-

257 1299 418 1326 numero
437 1301 475 1326 se
493 1288 596 1339 apud
614 1288 822 1326 exercitum
841 1288 1026 1326 donatum
1044 1301 1123 1326 esse
1140 1287 1252 1326 dicat.
1282 1287 1372 1325 Hoc

259 1340 291 1378 si
309 1341 509 1391 diligenter
532 1342 573 1379 in
601 1342 900 1380 adversariorum
926 1342 1093 1380 oratione
1118 1341 1373 1380 observaveri-

260 1407 362 1443 mus,
382 1408 481 1447 saepe
499 1395 838 1447 deprehendemus,
862 1394 919 1444 [et
942 1395 983 1433 in
1001 1395 1223 1445 hujusmodi
1239 1394 1372 1446 depre-

260 1448 442 1487 hensione
463 1449 742 1501 ostendemus],
771 1462 846 1497 eos,
867 1449 914 1488 de
935 1448 1019 1501 [ea]
1043 1463 1084 1487 re
1108 1449 1202 1501 quid
1229 1448 1371 1494 dicant,

261 1514 338 1540 non
357 1503 507 1542 habere.
550 1503 652 1542 Item
670 1504 849 1542 vitiosum
863 1510 932 1550 est,
952 1510 1072 1542 artem
1092 1510 1159 1541 aut
1177 1502 1372 1541 scientiam

261 1564 330 1594 aut
361 1557 532 1596 studium
563 1558 771 1609 quodpiam
808 1558 1022 1609 vituperare
1052 1564 1207 1608 propter
1241 1568 1374 1594 eorum

263 1610 368 1658 vitia,
390 1611 457 1661 qui
475 1611 515 1649 in
535 1624 578 1650 eo
597 1612 721 1650 studio
747 1619 864 1657 sunt;
902 1610 1033 1657 veluti,
1057 1611 1126 1662 qui
1149 1609 1373 1648 rhetoricam

263 1663 493 1715 vituperant,
526 1674 680 1717 propter
711 1666 872 1716 alicujus
903 1665 1059 1703 oratoris
1084 1664 1374 1715 vituperandam

263 1717 394 1756 vitam.
424 1719 524 1757 Item
537 1719 715 1758 vitiosum
734 1728 802 1767 est,
823 1733 871 1757 ex
890 1732 946 1766 e0,
968 1718 1071 1770 quod
1089 1730 1287 1769 perperam
1298 1717 1376 1755 fac-

266 1777 351 1808 tum
370 1785 448 1810 esse
467 1781 622 1820 constet,
643 1780 778 1824 putare
795 1773 955 1820 ostendi,
976 1786 999 1810 a
1017 1785 1094 1823 quo
1118 1772 1273 1810 homine
1297 1770 1376 1809 fac-

266 1831 353 1862 tum
382 1825 444 1873 sit,
471 1826 542 1865 hoc
566 1827 705 1865 modo:
738 1829 766 1850 ‘⁶
787 1827 992 1865 Mortuum
1019 1826 1289 1872 deformatum,
1315 1831 1377 1862 tu-

267 1891 375 1917 more
399 1880 618 1931 praeditum,
646 1881 917 1929 decoloratum,
945 1879 1061 1918 fuisse
1090 1886 1257 1918 constat:
1288 1891 1378 1929 ergo

265 1945 411 1971 veneno
430 1943 583 1972 necatus
602 1935 698 1973 est.''
726 1934 892 1983 Deinde,
913 1934 944 1972 si
962 1934 1010 1972 sit
1028 1946 1149 1984 usque
1162 1933 1202 1970 in
1214 1945 1258 1970 eo
1268 1945 1380 1970 oocu-

264 1994 378 2037 patus
398 1989 458 2029 (ut
476 1988 590 2025 multi
615 1988 793 2036 faciunt),
813 2000 1001 2026 venenum
1020 1987 1167 2035 datum,
1188 1985 1279 2024 vitio
1301 1998 1378 2023 non

267 2040 448 2078 mediocri
460 2042 704 2080 conflictetur.
735 2043 827 2080 Non
839 2042 956 2090 enim,
968 2041 1163 2079 factumne
1173 2040 1222 2078 sit
1234 2042 1252 2078 Ρ
1275 2052 1379 2090 quae-

267 2093 365 2131 ritur
381 2108 393 2139 ;
422 2096 488 2133 sed
506 2108 530 2133 a
547 2109 623 2146 quo
638 2096 782 2135 factum
801 2095 880 2134 sit?

325 2147 534 2187 XXVIII.
576 2149 677 2188 Item
696 2149 875 2188 vitiosum
894 2155 963 2195 est,
983 2148 1022 2186 in
1043 2143 1304 2199 comparandis
1322 2159 1380 2184 re-

270 2202 356 2247 bus,
377 2202 535 2241 alteram
560 2215 641 2242 rem
671 2204 814 2252 efferre,
834 2203 881 2243 de
906 2202 1025 2242 alter&c
1045 2202 1278 2241 mentionem
1300 2212 1378 2238 non
