1456 2396
284 115 368 155 AD
389 114 770 164 HERENNIUM,
788 114 887 154 Lm.
902 115 985 154 ΙΙΙ.
1001 114 1106 155 ΟΑΡ.
1120 117 1184 156 20.
1214 117 1294 155 ‘205

177 223 467 263 simulacrornn
486 225 640 274 figuras.
670 224 860 262 Praeterea
878 224 1078 263 dissimiles
1096 224 1220 262 forma
1239 232 1295 262 at-

177 291 253 329 que
270 278 409 316 natura
426 278 499 316 leci
525 278 772 328 comparandi
791 286 894 325 sunt,
915 287 959 316 ut
985 279 1160 317 distincte
1179 279 1295 316 inter-

177 333 302 370 lucere
333 332 502 383 possint:
545 344 636 369 nam
667 332 699 369 si
731 332 818 382 quis
849 333 974 370 multa
1002 333 1295 370 intercolumnia

176 386 367 433 sumserit,
410 386 698 424 conturbabitur
734 386 984 424 similitudine
1027 387 1212 432 locorum,
1251 394 1295 424 ut

176 439 338 490 ignoret,
355 439 451 491 quid
466 453 620 491 quoque
638 439 677 476 in
693 440 775 477 loco
791 440 994 478 collocarit.
1030 440 1084 478 Et
1102 440 1298 491 magnitu-

176 493 266 532 dine
293 494 443 532 modica
472 493 530 543 [et
553 493 780 546 mediocres]
814 494 915 532 locos
945 494 1084 533 habere
1116 502 1290 546 oportet:

177 559 270 587 nam
297 556 335 586 et
361 556 497 599 praeter
523 548 685 586 modum
712 548 833 599 ampli
860 561 976 598 vagas
1000 549 1186 598 imagines
1209 549 1294 586 red-

176 601 300 648 dunt;
342 610 380 640 et
408 602 523 640 nimis
552 602 705 652 angusti
736 615 835 653 saepe
866 614 944 640 non
978 602 1154 640 sidentur
1186 615 1294 653 posse

176 668 310 707 capere
326 656 542 708 imaginum
561 655 858 695 collocationem.
899 656 1007 693 Tum
1026 669 1096 694 nec
1115 656 1229 694 nimis
1247 657 1294 694 il-

176 709 311 749 lustres
329 723 398 749 nec
417 711 659 749 vehementer
677 711 854 748 obscuros
866 710 968 748 locos
981 710 1113 748 haberi
1132 719 1293 761 oportet,

178 776 226 802 ne
243 773 311 803 aut
334 766 571 803 obcaecentur
595 765 759 802 tenebris
783 765 983 815 imagines,
1005 772 1072 802 aut
1097 764 1295 814 splendore

177 818 441 869 praefulgeant.
477 819 686 857 Intervalla
703 819 874 857 locorum
894 819 1097 856 mediocria
1115 831 1194 856 esse
1212 819 1294 869 pla-

176 880 249 914 cet..
284 872 361 911 fere
391 873 509 924 paulo
540 874 628 925 plus
660 881 728 911 aut
759 874 889 911 minus
920 873 1064 923 pedum
1094 873 1293 910 tricenum.

176 926 300 975 Nam,
320 934 365 965 ut
389 928 603 979 adspectus,
632 927 686 964 ita
704 927 895 978 cogitatio,
922 927 1051 965 minus
1076 927 1190 973 valet,
1217 926 1296 964 sive

177 980 294 1019 nimis
317 982 451 1032 procul
469 981 686 1028 removeris,
714 981 792 1020 sive
817 982 1059 1020 vehementer
1084 994 1203 1032 prope
1228 980 1296 1018 ad-

176 1035 354 1083 moveris,
385 1036 426 1074 id
456 1035 560 1088 quod
589 1043 737 1086 oportet
764 1034 896 1074 videri.
940 1035 1028 1084 Sed,
1056 1047 1296 1086 quamquam

177 1088 288 1128 facile
312 1097 368 1128 est
393 1090 441 1136 ei,
462 1090 530 1142 qui
554 1091 670 1141 paulo
695 1090 809 1141 plura
833 1089 1098 1141 exploraverit,
1119 1089 1297 1140 quamvis

173 1144 320 1182 ,multos
346 1152 384 1183 et
408 1144 563 1182 idoneos
587 1145 689 1182 locos
715 1157 962 1195 comparare;
992 1150 1136 1191 tamen,
1156 1143 1187 1181 si
1206 1143 1292 1194 quis

178 1197 227 1234 ad
245 1198 318 1236 ista
335 1198 424 1237 satis
438 1198 592 1237 idoneos
609 1198 780 1236 invenire
794 1211 833 1236 se
851 1211 928 1236 non
947 1198 1113 1249 putabit,
1128 1197 1209 1248 ipse
1224 1197 1295 1235 sibi

177 1252 396 1300 constituat,
412 1266 532 1304 quam
546 1252 646 1290 volet
656 1253 813 1299 multos,
826 1252 967 1291 licebit.
989 1252 1180 1302 Cogitatio
1193 1252 1296 1289 enim

178 1306 355 1357 quamvis
384 1307 578 1358 regionem
607 1314 731 1357 potest
759 1306 953 1357 amplecti,
978 1314 1015 1344 et
1040 1306 1080 1343 in
1109 1306 1153 1343 ea
1180 1306 1298 1343 situm

178 1359 252 1397 loci
278 1361 493 1410 cujusdam,
520 1360 569 1398 ad
596 1373 711 1398 suum
738 1360 985 1398 commodum
1014 1367 1051 1398 et
1078 1360 1295 1406 arbitrium,

180 1413 355 1453 fabricari
374 1422 411 1453 et
425 1415 671 1453 architectari.
701 1414 833 1462 Quare
847 1414 989 1460 licebit,
1010 1414 1042 1452 si
1061 1414 1131 1452 hac.
1145 1414 1298 1465 promta

180 1468 288 1519 copia
308 1469 475 1507 contenti
492 1481 569 1506 non
589 1469 745 1514 erimus,
765 1468 1015 1520 nosmetipsos
1034 1468 1143 1506 nobis
1158 1468 1299 1519 cogita-

179 1521 282 1561 tione
301 1523 429 1561 nostrii
447 1523 641 1573 regionem
660 1523 901 1570 constituere,
926 1531 963 1560 et
989 1522 1214 1560 idoneorum
1242 1522 1298 1559 lo-

170 1589 312 1614 corum
324 1577 672 1615 commodissimam
683 1577 964 1615 distinctionem
976 1589 1206 1627 comparare.
1236 1575 1300 1614 De

179 1630 271 1669 locis
296 1631 386 1669 satis
410 1631 556 1670 dictum
575 1639 655 1670 est:
685 1643 788 1670 nunc
806 1630 856 1669 ad
873 1630 1090 1682 imaginum
1115 1631 1300 1668 rationem

181 1692 432 1724 transeamus.

234 1739 332 1777 XX.
361 1739 560 1787 Quoniam
584 1752 673 1791 ergo
701 1752 831 1778 rerum
856 1739 998 1778 similes
1017 1738 1203 1790 imagines
1222 1751 1300 1776 esse

181 1801 344 1843 oportet,
366 1801 403 1831 et
425 1807 473 1832 ex
499 1794 679 1832 omnibus
705 1794 829 1832 verbis
854 1801 962 1831 notas
987 1793 1097 1831 nobis
1123 1792 1301 1830 similitu-

181 1846 290 1885 dines
320 1847 458 1898 eligere
486 1848 684 1894 debemus,
718 1847 889 1899 duplices
921 1847 1192 1885 similitudines
1223 1859 1302 1884 esse

182 1899 347 1947 debent;
377 1914 466 1940 unae
483 1915 626 1949 rerum,
640 1903 768 1940 alterae
783 1903 998 1940 verborum.
1028 1901 1177 1938 Rerum
1197 1901 1303 1938 simi-

182 1954 364 1993 litudines
376 1957 659 2007 exprimuntur,
675 1969 763 1994 cum
776 1955 1003 1994 summatim
1020 1955 1192 2006 ipsorum
1211 1967 1304 2004 neg-

183 2008 352 2047 otiorum
390 2009 576 2061 imagines
616 2023 908 2061 comparamus:
939 2011 1142 2047 verborum
1170 2008 1305 2046 simili-

182 2062 336 2101 tudines
363 2065 658 2126 constituuntur,
692 2077 782 2103 cum
810 2064 1111 2115 uniuscujusque
1137 2062 1304 2100 nominis

184 2123 222 2154 et
250 2117 426 2155 vocabuli
457 2118 643 2156 memoria
672 2117 840 2169 imagine
872 2125 1038 2156 notatur.
1079 2116 1154 2154 Rei
1185 2115 1303 2154 totius

184 2171 411 2209 memoriam
430 2185 529 2223 saepe
547 2172 625 2210 una
643 2152 776 2218 nota?
770 2180 808 2210 et
824 2172 993 2222 imagine
1007 2169 1184 2221 simplici,
1199 2182 1302 2208 com-

184 2224 476 2274 prehendemus,
496 2226 568 2265 hoc
586 2225 726 2266 modo:
758 2233 799 2265 ut
818 2226 850 2265 si
869 2232 1061 2266 accusator
1079 2224 1231 2273 dixerit,
1253 2225 1300 2261 ab

239 2280 415 2321 (Rhe-tor.
421 2288 435 2329 )
457 2291 484 2316 x
490 2291 560 2322 οι.
584 2291 635 2319 11.
947 2289 973 2318 T
