1456 2396
417 73 652 124 TOPICA,
682 74 789 114 CAP.
811 74 875 113 26.
1160 69 1214 114 97

86 180 202 230 vidia,
222 189 260 221 et
276 189 421 222 caeterae
439 184 560 223 animi
577 182 793 222 affectiones
810 183 1097 234 perturbantur,
1117 191 1216 232 prat-

86 242 197 287 cepta
209 238 501 290 suppeditantur
515 238 599 277 aliis
611 238 653 277 in
666 238 789 286 libris,
802 250 898 289 quos
909 236 1050 289 poteris
1060 246 1216 274 mecum

85 289 224 341 legere,
245 305 336 330 cum
354 293 468 332 voles.

139 344 210 384 Ad
233 345 274 384 id
299 354 444 396 autem,
470 347 575 399 quod
600 355 638 385 te
663 348 761 386 velle
787 358 994 393 senseram,
1018 343 1215 384 cumulate

87 399 323 440 satisfactum
343 415 422 440 esse
440 401 553 441 debet
571 401 759 441 voluntati
778 408 866 439 tuae.
907 401 1030 448 Nam,
1050 412 1099 438 ne
1117 411 1215 450 prae-

87 453 239 494 terirem
266 455 427 508 aliquid,
452 456 557 509 quod
582 456 632 495 ad
657 463 930 508 argumentum
955 455 996 493 in
1023 454 1130 493 omni
1155 465 1216 490 ra-

87 507 191 548 tione
208 510 475 562 reperiendum
494 511 712 563 pertineret,
733 511 860 562 plura,
881 523 1000 561 quam
1020 523 1043 547 a
1061 516 1098 547 te
1117 506 1215 546 desi-

88 561 219 602 derata
250 572 372 613 erant,
407 579 495 604 sum
523 566 772 617 complexus;
808 565 956 616 fecique
984 563 1088 616 quod
1116 573 1217 612 saepe

86 616 261 658 liberales
279 619 492 659 venditores
511 620 647 668 solent,
674 627 733 668 ut,
760 632 851 658 cum
877 619 976 658 aedes
1001 616 1218 656 fundumve

87 672 341 722 vendiderint,
376 674 471 713 rutis
501 675 605 713 caesis
637 675 811 727 receptis,
845 673 1054 713 concedant
1086 679 1217 709 tamen

87 726 235 780 aliquid
249 728 398 777 emtori,
419 729 538 781 quod,
559 729 721 768 ornandi
736 729 864 776 causa,
885 735 973 780 apte
992 735 1029 766 et
1046 727 1130 765 loco
1148 737 1217 776 po-

87 780 206 820 situm
233 795 312 822 oese
337 783 521 824 videatur.
563 784 626 823 Sic
652 785 722 823 tibi
747 796 817 823 nos
840 783 889 822 ad
907 782 962 831 id,
983 781 1089 834 quod
1108 779 1218 832 quasi

88 836 280 890 mancipio
299 837 389 876 dare
407 838 626 887 debuimus,
646 846 873 879 ornamenta
896 837 1076 891 quaedam
1096 833 1220 875 volui-

88 902 176 932 mus
195 904 273 932 non
291 892 419 934 debita
434 893 619 934 accedere.

152 2268 351 2321 (Rhetor.)
380 2280 483 2312 von.
510 2282 561 2311 11.
868 2283 895 2311 K
