1456 2396
107 83 187 123 224
218 80 302 122 AD
323 79 707 132 HERENNIUM,
728 79 830 122 ιω.
847 81 926 122 1v.
947 80 1053 146 cip.
1075 83 1137 122 15.

100 193 248 233 minem
273 192 458 244 appellas,
472 191 555 244 qui,
575 192 606 231 si
623 191 756 231 fuisset
772 192 904 240 homo,
927 203 1130 244 nunquam
1148 198 1229 231 tam

103 247 305 287 crudeliter
323 247 443 285 vitam
460 247 628 286 hominis
645 247 813 299 petiisset
825 249 843 286 ?
871 247 932 285 At
945 254 1026 284 erat
1038 247 1228 286 inimicus.

101 302 209 354 Ergo
227 301 430 340 inimicum
454 301 507 340 sic
531 301 661 340 ulcisci
679 301 815 349 voluit,
836 308 881 339 ut
899 300 981 353 ipse
999 301 1072 340 sibi
1088 302 1230 354 reperi-

98 365 204 396 retur
217 356 396 394 inimicus
411 356 458 395 ?''
487 356 604 403 Item,
623 359 652 379 ‘⁶
668 355 834 394 Divitias
849 356 928 394 sine
943 355 1106 394 divitum
1121 369 1201 395 esse
1214 371 1226 395 z

97 418 141 449 tu
157 411 339 450 virtutem
354 410 490 462 praefer
503 410 669 449 divitiis:
691 423 783 448 nam
802 411 833 449 si
851 410 955 448 voles
973 409 1124 449 divitias
1138 423 1228 449 cum

98 466 241 504 virtute
265 478 500 517 comparare,
528 465 594 504 vix
619 466 709 504 satis
726 465 873 504 idoneae
900 464 971 503 tibi
995 465 1229 504 videbuntur

97 520 255 567 divitiae,
276 534 363 573 quae
377 519 527 558 virtutis
541 520 760 573 pedisequae
778 519 894 558 sint-'⁹
923 518 990 557 Ex
1009 519 1143 558 eodem
1162 533 1229 571 ge-

96 587 188 613 nere
213 574 469 614 exornationis
495 583 564 622 est,
592 588 681 613 cum
707 574 811 613 idem
837 575 998 613 verbum
1023 573 1140 612 modo
1158 587 1228 626 po-

96 629 202 668 nitur
227 629 268 668 in
287 629 372 677 hac,
392 629 508 667 modo
531 629 571 667 in
597 629 717 668 altera
742 642 797 678 re,
824 628 897 667 hoc
920 628 1062 667 modo:
1096 632 1125 652 “
1145 628 1229 667 Cur

97 697 184 723 eam
210 697 292 723 rem
311 692 392 722 tam
411 683 576 723 studiose
602 697 724 733 curas,
752 697 840 736 quae
863 683 1008 721 multas
1033 683 1104 721 tibi
1122 682 1229 722 dabit

95 751 205 777 curas
220 739 266 778 ?''
310 739 427 786 Item,
456 740 485 761 ‘⁶
501 738 643 776 Amari
669 738 887 788 jucundum
910 745 979 786 est,
1008 737 1041 776 si
1058 746 1226 786 curetur,

93 804 143 831 ne
171 793 267 845 quid
296 793 387 832 insit
412 793 574 831 amari.''
616 793 734 841 Item,
768 796 797 816 ‘⁶
818 792 986 831 Veniam
1011 792 1061 830 ad
1085 805 1166 839 vos,
1195 792 1228 831 si

92 847 192 886 mihi
210 854 364 886 senatus
382 847 447 886 det
461 848 656 886 veniam.'’
697 849 747 887 In
765 847 826 886 his
840 855 1006 899 quatuor
1023 847 1227 898 generibus

93 903 400 950 exornationum,
422 916 510 955 quae
528 902 653 941 adhuc
667 902 869 954 propositae
884 909 986 949 sunt,
1002 914 1080 940 non
1094 901 1227 954 inopia

92 958 298 996 verborum
324 956 382 1005 fit,
403 965 447 996 ut
473 956 522 994 ad
546 957 650 996 idem
676 959 835 996 verbum
863 956 1039 995 redeatur
1058 956 1223 1008 saepius3

92 1011 158 1050 sed
177 1012 275 1050 inest
293 1011 476 1050 festivitas
495 1011 689 1063 quaedam,
710 1025 798 1063 quae
823 1011 972 1050 facilius
990 1010 1148 1050 auribus
1166 1011 1225 1049 di-

88 1065 268 1115 judicari,
289 1079 408 1118 quam
428 1067 552 1105 verbis
569 1066 834 1112 demonstrari,
856 1073 991 1117 potest.

147 1120 244 1159 XV.
275 1120 479 1159 Contentio
509 1129 579 1169 est,
611 1134 701 1160 cum
727 1134 774 1160 ex
800 1120 995 1159 contrariis
1014 1120 1138 1159 verbis
1156 1128 1224 1160 aut

93 1175 208 1213 rebus
237 1175 357 1213 oratio
383 1175 594 1223 conficitur,
626 1175 698 1214 hoc
725 1183 861 1227 pacto:
894 1177 923 1197 “
940 1175 1073 1213 Habet
1097 1188 1224 1214 assen-

92 1229 185 1267 tatio
213 1229 385 1279 jucunda
413 1229 626 1281 principia;
657 1231 791 1269 eadem
818 1229 943 1268 exitus
967 1229 1224 1270 amarissimos

91 1283 243 1322 affert.”
286 1284 402 1331 Item,
434 1287 462 1307 “
485 1284 658 1324 Inimicis
677 1293 715 1324 te
733 1284 979 1336 placabilem,
1006 1284 1139 1323 amicis
1162 1285 1223 1323 in-

91 1338 325 1377 exorabilem
350 1340 496 1391 praebes
510 1339 557 1378 ?'’
592 1339 709 1388 Item,
741 1343 769 1363 “
792 1339 841 1377 In
860 1339 938 1377 otio
956 1339 1220 1388 tumultuaris,

89 1391 130 1430 in
161 1394 333 1432 tumultu
360 1407 398 1432 es
424 1393 597 1433 otiosus?
636 1394 677 1433 in
703 1408 744 1434 re
768 1393 1014 1445 frigidissima
1039 1394 1151 1442 cales,
1180 1394 1222 1432 in

90 1446 368 1487 ferventissima
393 1447 507 1500 friges
522 1451 540 1488 Ρ
569 1449 707 1488 Tacito
730 1461 819 1488 cum
844 1461 942 1500 opus
960 1456 1030 1497 est,
1051 1449 1219 1498 clama-s3

89 1501 158 1540 ubi
176 1502 284 1555 loqui
310 1503 499 1549 convenit,
521 1504 782 1543 obmutescis?
812 1503 953 1542 Ades?
981 1505 1112 1542 abesse
1137 1504 1218 1542 vis:

90 1557 211 1595 abes?
241 1557 377 1596 reverti
406 1558 524 1609 cupis.
575 1558 624 1596 In
654 1572 747 1611 pace
770 1559 919 1597 bellum
943 1558 1147 1610 quaeritas:
1178 1559 1219 1597 in

86 1611 189 1649 bello
207 1625 340 1663 pacem
359 1611 559 1651 desideras.
602 1613 651 1652 In
672 1613 850 1652 concione
863 1612 911 1651 de
925 1613 1066 1651 virtute
1083 1612 1219 1665 loque-

87 1664 164 1711 ris;
195 1665 235 1703 in
254 1667 401 1718 proeli0,
423 1681 503 1718 prae
527 1668 697 1720 ignavia,
729 1670 834 1706 tubae
857 1667 1027 1706 sonitum
1051 1667 1220 1719 perferre

88 1730 166 1757 non
185 1721 334 1772 potes.'’
375 1721 464 1760 Hoc
492 1735 629 1774 genere
648 1722 679 1760 si
697 1722 978 1774 distinguemus
991 1722 1217 1771 orationem,

86 1781 125 1812 et
143 1775 267 1813 ornati
285 1783 322 1814 et
340 1789 474 1827 graves
492 1777 703 1828 poterimus
723 1790 812 1816 esse.

139 1828 384 1868 Exclamatio
404 1840 472 1879 est,
497 1845 584 1883 quae
603 1831 753 1870 conficit
771 1830 1088 1884 significationem
1107 1830 1216 1870 dolo-

84 1882 137 1921 ris
155 1891 223 1922 aut
248 1884 520 1936 indignationis
538 1886 715 1937 alicujus,
730 1899 800 1940 per
813 1885 995 1933 hominis,
1012 1893 1080 1924 aut
1094 1886 1214 1936 urbis,

87 1944 155 1975 aut
187 1938 274 1988 loci,
313 1946 381 1977 aut
413 1940 468 1978 rei
504 1941 719 1993 cujuspiam
757 1940 1105 1992 compellationem,
1143 1940 1217 1980 hoc

85 1991 227 2031 modo:
260 1996 289 2017 “
305 1993 366 2032 Te
384 2005 488 2033 nunc
513 1996 701 2048 alloquor,
722 1995 921 2043 Africane,
942 1996 1053 2045 cujus
1071 1995 1216 2034 mortui

85 2059 242 2099 quoque
259 2060 401 2087 nomen
427 2049 619 2101 splendori
643 2063 687 2089 ac
711 2050 838 2089 decori
864 2057 920 2088 oet
944 2050 1098 2088 civitati.
1133 2049 1216 2088 Tui

84 2101 286 2141 clarissimi
304 2111 462 2154 nepotes
481 2117 551 2143 suo
571 2105 758 2157 sanguine
772 2104 952 2143 aluerunt
966 2104 1214 2143 inimicorum

82 2155 391 2196 crudelitatem.”
413 2158 530 2208 Item,
547 2160 575 2181 “
589 2159 628 2198 O
641 2159 854 2212 perfidiosae
866 2158 1074 2210 Fregellae!
1093 2171 1214 2211 quam

83 2209 195 2251 facile
209 2213 348 2253 scelere
367 2221 492 2254 vestro
511 2213 762 2255 contabuistis
779 2214 789 2253 !
821 2220 880 2264 ut,
901 2214 1013 2264 cujus
1031 2213 1133 2253 nitor
1147 2227 1215 2252 ur·
