1456 2396
128 116 208 155 220
235 116 321 155 AD
342 115 726 168 HERENNIUM,
742 116 844 156 Lm.
857 115 934 157 IV.
950 114 1058 156 Cu.
1076 113 1140 154 11.

120 231 265 275 tamur,
302 225 344 264 in
381 225 547 265 finitima
582 233 621 265 et
651 226 870 278 propinqua
905 224 1000 264 vitia
1034 209 1247 263 veniamus.

120 279 229 318 Nam
248 281 356 332 gravi
381 280 529 332 figurae,
549 294 637 332 quae
653 280 848 320 laudanda
865 286 936 328 est,
954 278 1173 331 propinqua
1190 281 1249 314 αεὶ

119 346 179 382 ea,
199 347 288 386 quae
305 334 490 386 fugienda
507 342 589 382 est;
619 348 708 387 quae
725 341 824 373 recte
842 334 1033 373 videbitur
1044 328 1244 384 appellari,

117 387 152 425 si
182 388 335 426 sufflata
363 389 636 428 nominabitur.
685 389 808 437 Nam,
836 396 881 427 ut
907 386 1073 439 corporis
1100 387 1244 424 bonam

115 441 386 481 habitudinem
411 450 541 482 tumor
558 443 732 481 imitatur
751 456 876 495 saepe3
904 442 960 480 ita
976 440 1104 493 gravis
1121 438 1243 478 oratio

114 509 216 548 saepe
237 497 425 549 imperitis
449 497 599 536 videtur
623 511 681 559 ea,
708 511 796 549 quae
818 503 946 548 turget
964 502 1002 534 et
1018 494 1153 532 inflata
1170 499 1241 540 est,

113 562 206 589 cum
224 559 293 589 aut
317 551 425 590 novis
443 559 511 590 aut
528 551 660 603 priscis
678 552 817 600 verbis,
838 558 906 588 aut
923 549 1068 588 duriter
1085 546 1243 586 aliunde

111 605 319 653 translatis,
339 613 408 644 aut
421 605 657 657 gravioribus
672 619 794 666 quarn
811 618 870 643 res
889 603 1072 656 postulat,
1092 600 1242 653 aliquid

112 658 268 708 dicitur,
287 659 360 699 hoc
377 660 517 698 modo:
550 662 578 682 “
593 661 715 707 Nam,
729 659 798 711 qui
811 657 1137 710 perduellionibus
1148 668 1242 694 ven-

111 712 210 751 ditat
227 714 408 765 patriam,
437 727 515 752 non
535 715 625 753 satis
644 713 823 765 supplicii
840 712 1002 760 dederit,
1022 711 1055 750 si
1071 723 1241 763 praeceps

109 767 152 805 in
165 768 384 819 Neptunias
403 768 585 821 depulsus
605 768 676 806 erit
693 769 862 806 lacunas.
914 766 1103 805 Poenitoet
1119 765 1240 817 igitur

108 821 243 869 istum,
259 823 328 874 qui
345 831 494 861 montes
512 823 604 861 belli
618 822 824 860 fabricatus
836 828 906 868 eet,
918 833 1073 872 campos
1084 819 1240 859 sustulit

105 876 224 926 pacis.
228 876 253 894 ’'
283 877 333 915 In
352 878 424 915 hoc
435 890 555 928 genus
569 877 742 928 plerique
754 889 844 915 cum
858 875 1125 922 declinassent,
1139 880 1178 912 et
1188 875 1238 914 ab

107 942 167 974 e0,
188 944 266 982 quo
283 945 367 983 pro
354 931 441 969 fecti
456 938 558 977 sunt,
575 933 858 976 aberraverunt,
874 938 912 968 et
930 929 1054 981 specie
1071 929 1239 980 gravita-

104 983 154 1023 tis
164 984 366 1033 falluntur,
375 998 443 1024 nec
451 998 519 1036 pro
521 985 662 1037 spicere
669 992 828 1036 possunt
839 984 1020 1023 orationis
1031 990 1236 1022 tumorem.

159 1038 238 1077 XI.
269 1040 379 1087 Qui
369 1053 409 1077 m
428 1039 617 1078 mediocre
631 1052 752 1090 genus
765 1039 945 1078 orationis
956 1037 1115 1090 profecti
1129 1044 1234 1087 sunt,

106 1092 140 1131 si
158 1106 355 1144 pervenire
375 1107 418 1132 eo
437 1107 514 1132 non
534 1101 755 1145 potuerunt,
769 1100 934 1132 errantes
945 1092 1173 1144 perveniunt
1185 1092 1236 1130 ad

107 1147 257 1186 confine
275 1161 396 1199 genus
415 1149 497 1198 ejus
515 1148 678 1199 generiS,
699 1147 804 1199 quod
829 1147 1068 1198 appellamus
1093 1146 1234 1185 fluctu-

104 1214 190 1249 ans,
211 1210 249 1240 et
267 1202 522 1249 dissolutum3
554 1215 597 1241 eo
621 1202 726 1254 quod
749 1202 830 1240 sine
854 1201 979 1240 nervis
1005 1208 1043 1240 et
1064 1200 1234 1239 articulis

106 1254 269 1294 fluctuat
286 1257 363 1294 huc
383 1265 420 1294 et
438 1256 544 1304 illuc,
565 1269 635 1295 nec
651 1263 776 1308 potest
793 1255 1014 1294 confirmate
1032 1268 1158 1307 neque
1175 1255 1234 1294 vi-

106 1309 227 1348 riliter
246 1323 324 1348 sese
339 1311 528 1362 expedire.
558 1310 608 1348 Id
627 1318 682 1349 est
700 1310 949 1360 hujusmodi:
980 1312 1009 1332 “
1025 1308 1127 1348 Socii
1143 1321 1233 1349 nos-

104 1364 155 1400 tri
181 1377 271 1402 cum
290 1365 514 1416 belligerare
533 1364 733 1403 nobiscum
752 1365 907 1412 vellent,
927 1363 1097 1416 profecto
1115 1363 1232 1403 ratio-

104 1417 220 1456 cinati
240 1428 363 1457 essent
382 1419 496 1457 etiam
516 1428 631 1471 atque
650 1419 780 1468 etiam,
801 1419 896 1472 quid
919 1426 1074 1471 possent
1090 1418 1229 1468 faeere,

103 1471 136 1509 si
163 1472 319 1523 quidem
338 1487 407 1511 sua
427 1482 559 1525 sponte
583 1474 764 1521 facerent,
793 1481 832 1512 et
858 1486 935 1513 non
959 1473 1143 1512 haberent
1164 1472 1231 1512 hnc

103 1525 296 1587 adjutores
314 1529 472 1576 multos,
493 1529 614 1566 malos
632 1528 806 1567 homines
825 1536 862 1566 et
880 1527 1053 1566 audaces.
1096 1527 1230 1567 Solent

101 1581 206 1617 enim
233 1581 300 1620 diu
321 1583 484 1633 cogitare
502 1595 648 1628 omnes,
670 1583 738 1634 qui
756 1595 899 1634 magna
920 1582 1074 1633 negotia
1091 1582 1228 1620 volunt

101 1647 192 1685 ager
175 1648 236 1672 θ.
230 1636 255 1652 ”
303 1637 396 1674 Non
422 1646 490 1688 pot
478 1646 547 1675 est
573 1637 731 1686 hujusn
716 1636 797 1674 odi
816 1649 939 1675 sermo
957 1644 1085 1674 tenere
1102 1643 1227 1674 atten-

99 1696 186 1726 tum
198 1690 438 1728 auditorem.
469 1691 610 1729 diffluit
624 1691 726 1729 enim
741 1699 858 1738 totus,
873 1703 998 1742 neque
1009 1690 1226 1742 quidquam

98 1744 421 1794 comprehendens
435 1745 610 1797 perfectis
629 1746 753 1784 verbis
767 1745 1020 1796 amplectitur.
1051 1743 1134 1792 Qui
1145 1757 1225 1783 non

97 1806 258 1847 possunt
289 1798 330 1836 in
364 1799 433 1837 fflssa
463 1799 694 1838 facetissima
724 1801 925 1838 verborum
963 1798 1225 1838 attenuatione

96 1851 296 1890 commode
322 1854 475 1901 versari,
507 1854 668 1892 veniunt
699 1853 749 1892 ad
779 1853 930 1891 aridum
958 1861 996 1892 et
1027 1865 1224 1904 exsangue

94 1917 218 1954 genus
244 1906 438 1956 orationis,
460 1907 565 1959 quod
589 1920 667 1946 non
693 1908 863 1946 alienum
888 1915 944 1946 est
970 1907 1070 1946 exile
1094 1907 1221 1946 nomi-

94 1959 192 2006 nari,
209 1961 424 2008 cujusmodi
445 1970 499 1999 est
509 1962 606 2000 hoc:
629 1965 658 1984 “
675 1962 781 1999 Nam
797 1961 907 2000 isthic
922 1962 987 2000 ille
1001 1961 1050 2000 ad
1063 1961 1220 2000 balneas

93 2014 271 2052 accessit:
303 2014 352 2052 ad
370 2015 474 2053 hunc
492 2024 622 2067 postea
645 2015 751 2065 dicit,
769 2019 781 2038 ‘
803 2016 881 2054 Hic
899 2024 989 2054 tuus
1007 2029 1137 2054 servus
1154 2027 1220 2054 me

90 2067 285 2117 pulsavit?
327 2069 403 2107 Pos
387 2076 465 2107 <tea
483 2070 575 2107 dicit
590 2070 652 2108 hic
670 2070 742 2119 illi,
765 2072 777 2092 ‘
798 2070 1084 2109 Consideraboss
1124 2069 1219 2108 Post

88 2121 155 2159 ille
170 2122 262 2160 huic
276 2123 488 2161 convicium
502 2123 615 2168 fecitz
636 2132 674 2162 et
687 2124 810 2176 magis
821 2125 1036 2176 magisque,
1051 2135 1217 2176 prasen-

86 2175 190 2214 tibus
208 2176 358 2225 multis,
374 2177 596 2216 clamamff'
625 2178 660 2216 F
661 2178 804 2217 rivolus
821 2178 885 2217 hic
903 2179 1090 2230 quidem'
1075 2190 1158 2228 Jam
1177 2185 1218 2216 et

79 2229 276 2270 illiberalis
295 2239 350 2270 est
369 2244 508 2272 sermo.
539 2232 632 2271 Non
652 2232 756 2272 enim
775 2232 938 2285 adeptus
957 2240 1014 2273 est
1031 2232 1087 2283 id,
1106 2231 1213 2285 quod
