<?xml version="1.0" encoding="UTF-8"?>
<!DOCTYPE html PUBLIC "-//W3C//DTD XHTML 1.0 Transitional//EN"
    "http://www.w3.org/TR/xhtml1/DTD/xhtml1-transitional.dtd">
<html xmlns="http://www.w3.org/1999/xhtml" xml:lang="en" lang="en">
 <head>
  <title>
</title>
<meta http-equiv="Content-Type" content="text/html;charset=utf-8" />
  <meta name='ocr-system' content='tesseract 3.04.00' />
  <meta name='ocr-capabilities' content='ocr_page ocr_carea ocr_par ocr_line ocrx_word'/>
</head>
<body>
  <div class='ocr_page' id='page_1' title='image "./operaern02ciceuoft_0314.png"; bbox 0 0 1456 2396; ppageno 0'>
   <div class='ocr_carea' id='block_1_1' title="bbox 223 65 1230 107">
    <p class='ocr_par' dir='ltr' id='par_1_1' title="bbox 223 65 1230 107">
     <span class='ocr_line' id='line_1_1' title="bbox 223 65 1230 107; baseline 0.001 -1"><span class='ocrx_word' id='word_1_1' title='bbox 223 70 304 107; x_wconf 85' lang='lat'>300</span> <span class='ocrx_word' id='word_1_2' title='bbox 349 65 834 106; x_wconf 84' lang='lat' dir='ltr'><strong>ACADEMICORUM</strong></span> <span class='ocrx_word' id='word_1_3' title='bbox 852 66 952 105; x_wconf 78' lang='lat' dir='ltr'>Lm.</span> <span class='ocrx_word' id='word_1_4' title='bbox 969 66 1028 106; x_wconf 90' lang='grc' dir='ltr'>ΙΙ.</span> <span class='ocrx_word' id='word_1_5' title='bbox 1042 66 1148 107; x_wconf 79' lang='lat' dir='ltr'><strong>CAP.</strong></span> <span class='ocrx_word' id='word_1_6' title='bbox 1168 68 1230 107; x_wconf 85' lang='lat'>13.</span> 
     </span>
    </p>
   </div>
   <div class='ocr_carea' id='block_1_2' title="bbox 222 174 1345 2222">
    <p class='ocr_par' dir='ltr' id='par_1_2' title="bbox 222 174 1338 238">
     <span class='ocr_line' id='line_1_2' title="bbox 222 174 1338 238; baseline 0.001 -25"><span class='ocrx_word' id='word_1_7' title='bbox 222 175 295 214; x_wconf 92' lang='lat' dir='ltr'>hoc</span> <span class='ocrx_word' id='word_1_8' title='bbox 313 175 482 214; x_wconf 87' lang='lat' dir='ltr'>maxime</span> <span class='ocrx_word' id='word_1_9' title='bbox 500 175 661 221; x_wconf 88' lang='lat' dir='ltr'>intersit,</span> <span class='ocrx_word' id='word_1_10' title='bbox 682 174 810 237; x_wconf 43' lang='lat' dir='ltr'>quod·</span> <span class='ocrx_word' id='word_1_11' title='bbox 800 175 1016 213; x_wconf 85' lang='lat' dir='ltr'>manimum</span> <span class='ocrx_word' id='word_1_12' title='bbox 1031 175 1128 213; x_wconf 84' lang='lat' dir='ltr'>nihil</span> <span class='ocrx_word' id='word_1_13' title='bbox 1142 176 1235 238; x_wconf 77' lang='lat' dir='ltr'>agit,</span> <span class='ocrx_word' id='word_1_14' title='bbox 1256 176 1338 214; x_wconf 87' lang='lat' dir='ltr'>ani-</span> 
     </span>
    </p>

    <p class='ocr_par' dir='ltr' id='par_1_3' title="bbox 222 229 1338 282">
     <span class='ocr_line' id='line_1_3' title="bbox 222 229 1338 282; baseline 0.001 -15"><span class='ocrx_word' id='word_1_15' title='bbox 222 230 303 267; x_wconf 91' lang='lat' dir='ltr'>mal</span> <span class='ocrx_word' id='word_1_16' title='bbox 321 230 400 280; x_wconf 79' lang='lat' dir='ltr'>agit</span> <span class='ocrx_word' id='word_1_17' title='bbox 419 229 578 281; x_wconf 89' lang='lat' dir='ltr'>aliquid,</span> <span class='ocrx_word' id='word_1_18' title='bbox 601 229 715 273; x_wconf 90' lang='lat' dir='ltr'>(nihil</span> <span class='ocrx_word' id='word_1_19' title='bbox 734 230 837 267; x_wconf 91' lang='lat' dir='ltr'>enim</span> <span class='ocrx_word' id='word_1_20' title='bbox 863 242 978 280; x_wconf 90' lang='lat' dir='ltr'>agens</span> <span class='ocrx_word' id='word_1_21' title='bbox 1003 242 1052 268; x_wconf 92' lang='lat' dir='ltr'>ne</span> <span class='ocrx_word' id='word_1_22' title='bbox 1077 230 1234 281; x_wconf 88' lang='lat' dir='ltr'>cogitari</span> <span class='ocrx_word' id='word_1_23' title='bbox 1251 231 1338 282; x_wconf 91' lang='lat' dir='ltr'>qui-</span> 
     </span>
    </p>

    <p class='ocr_par' dir='ltr' id='par_1_4' title="bbox 222 283 1336 335">
     <span class='ocr_line' id='line_1_4' title="bbox 222 283 1336 335; baseline 0.001 -14"><span class='ocrx_word' id='word_1_24' title='bbox 222 283 312 321; x_wconf 91' lang='lat' dir='ltr'>dem</span> <span class='ocrx_word' id='word_1_25' title='bbox 337 291 460 335; x_wconf 89' lang='lat' dir='ltr'>potest</span> <span class='ocrx_word' id='word_1_26' title='bbox 485 284 598 334; x_wconf 88' lang='lat' dir='ltr'>quale</span> <span class='ocrx_word' id='word_1_27' title='bbox 624 283 688 330; x_wconf 90' lang='lat' dir='ltr'>sit)</span> <span class='ocrx_word' id='word_1_28' title='bbox 717 292 784 322; x_wconf 89' lang='lat' dir='ltr'>aut</span> <span class='ocrx_word' id='word_1_29' title='bbox 803 283 837 321; x_wconf 92' lang='lat' dir='ltr'>ei</span> <span class='ocrx_word' id='word_1_30' title='bbox 856 296 985 321; x_wconf 85' lang='lat' dir='ltr'>sensus</span> <span class='ocrx_word' id='word_1_31' title='bbox 1004 283 1230 322; x_wconf 86' lang='lat' dir='ltr'>adimendus</span> <span class='ocrx_word' id='word_1_32' title='bbox 1255 292 1336 329; x_wconf 89' lang='lat' dir='ltr'>est;</span> 
     </span>
    </p>

    <p class='ocr_par' dir='ltr' id='par_1_5' title="bbox 222 337 1341 820">
     <span class='ocr_line' id='line_1_5' title="bbox 223 337 1339 398; baseline 0.001 -23"><span class='ocrx_word' id='word_1_33' title='bbox 223 345 290 375; x_wconf 88' lang='lat' dir='ltr'>aut</span> <span class='ocrx_word' id='word_1_34' title='bbox 305 350 362 398; x_wconf 79' lang='lat' dir='ltr'>ea,</span> <span class='ocrx_word' id='word_1_35' title='bbox 383 351 470 388; x_wconf 86' lang='lat' dir='ltr'>quae</span> <span class='ocrx_word' id='word_1_36' title='bbox 488 345 544 375; x_wconf 89' lang='lat' dir='ltr'>est</span> <span class='ocrx_word' id='word_1_37' title='bbox 561 337 602 374; x_wconf 89' lang='lat' dir='ltr'>in</span> <span class='ocrx_word' id='word_1_38' title='bbox 620 337 749 375; x_wconf 85' lang='lat' dir='ltr'>nostra</span> <span class='ocrx_word' id='word_1_39' title='bbox 768 337 839 375; x_wconf 89' lang='lat' dir='ltr'>sita</span> <span class='ocrx_word' id='word_1_40' title='bbox 856 344 1054 388; x_wconf 82' lang='lat' dir='ltr'><strong>potestate,</strong></span> <span class='ocrx_word' id='word_1_41' title='bbox 1074 337 1266 376; x_wconf 88' lang='lat' dir='ltr'>reddenda</span> <span class='ocrx_word' id='word_1_42' title='bbox 1280 351 1339 376; x_wconf 90' lang='lat' dir='ltr'>as-</span> 
     </span>
     <span class='ocr_line' id='line_1_6' title="bbox 223 390 1337 452; baseline 0 -23"><span class='ocrx_word' id='word_1_43' title='bbox 223 391 356 429; x_wconf 88' lang='lat' dir='ltr'>sensio.</span> <span class='ocrx_word' id='word_1_44' title='bbox 385 392 445 429; x_wconf 88' lang='lat' dir='ltr'>At</span> <span class='ocrx_word' id='word_1_45' title='bbox 469 403 559 429; x_wconf 88' lang='lat' dir='ltr'>vero</span> <span class='ocrx_word' id='word_1_46' title='bbox 584 391 736 429; x_wconf 84' lang='lat' dir='ltr'>animus</span> <span class='ocrx_word' id='word_1_47' title='bbox 760 391 929 452; x_wconf 79' lang='lat' dir='ltr'>quodam</span> <span class='ocrx_word' id='word_1_48' title='bbox 954 390 1070 429; x_wconf 92' lang='lat' dir='ltr'>modo</span> <span class='ocrx_word' id='word_1_49' title='bbox 1088 391 1246 442; x_wconf 89' lang='lat' dir='ltr'>eripitur</span> <span class='ocrx_word' id='word_1_50' title='bbox 1263 391 1337 440; x_wconf 88' lang='lat' dir='ltr'>his,</span> 
     </span>
     <span class='ocr_line' id='line_1_7' title="bbox 223 444 1339 496; baseline -0.001 -13"><span class='ocrx_word' id='word_1_51' title='bbox 223 458 318 496; x_wconf 89' lang='lat' dir='ltr'>quos</span> <span class='ocrx_word' id='word_1_52' title='bbox 337 458 462 496; x_wconf 90' lang='lat' dir='ltr'>neque</span> <span class='ocrx_word' id='word_1_53' title='bbox 483 445 620 483; x_wconf 88' lang='lat' dir='ltr'>sentire</span> <span class='ocrx_word' id='word_1_54' title='bbox 638 457 762 496; x_wconf 90' lang='lat' dir='ltr'>neque</span> <span class='ocrx_word' id='word_1_55' title='bbox 781 444 952 483; x_wconf 82' lang='lat' dir='ltr'>assentiri</span> <span class='ocrx_word' id='word_1_56' title='bbox 970 445 1116 482; x_wconf 88' lang='lat' dir='ltr'>volunt.</span> <span class='ocrx_word' id='word_1_57' title='bbox 1159 445 1217 483; x_wconf 91' lang='lat' dir='ltr'>Ut</span> <span class='ocrx_word' id='word_1_58' title='bbox 1235 445 1339 483; x_wconf 91' lang='lat' dir='ltr'>enim</span> 
     </span>
     <span class='ocr_line' id='line_1_8' title="bbox 222 498 1337 560; baseline 0 -23"><span class='ocrx_word' id='word_1_59' title='bbox 222 511 372 537; x_wconf 90' lang='lat' dir='ltr'>necesse</span> <span class='ocrx_word' id='word_1_60' title='bbox 397 506 469 560; x_wconf 72' lang='lat' dir='ltr'>est,</span> <span class='ocrx_word' id='word_1_61' title='bbox 492 499 641 537; x_wconf 90' lang='lat' dir='ltr'>lancem</span> <span class='ocrx_word' id='word_1_62' title='bbox 670 498 710 536; x_wconf 93' lang='lat' dir='ltr'>in</span> <span class='ocrx_word' id='word_1_63' title='bbox 735 498 847 545; x_wconf 85' lang='lat' dir='ltr'>libra,</span> <span class='ocrx_word' id='word_1_64' title='bbox 878 498 1110 560; x_wconf 89' lang='lat' dir='ltr'>ponderibus</span> <span class='ocrx_word' id='word_1_65' title='bbox 1134 498 1337 550; x_wconf 86' lang='lat' dir='ltr'>impositis,</span> 
     </span>
     <span class='ocr_line' id='line_1_9' title="bbox 222 552 1336 604; baseline 0.001 -14"><span class='ocrx_word' id='word_1_66' title='bbox 222 552 410 604; x_wconf 91' lang='lat' dir='ltr'>deprimi;</span> <span class='ocrx_word' id='word_1_67' title='bbox 442 552 494 590; x_wconf 86' lang='lat' dir='ltr'>sic</span> <span class='ocrx_word' id='word_1_68' title='bbox 512 553 686 590; x_wconf 89' lang='lat' dir='ltr'>animum</span> <span class='ocrx_word' id='word_1_69' title='bbox 705 553 912 604; x_wconf 86' lang='lat' dir='ltr'>perspicuis</span> <span class='ocrx_word' id='word_1_70' title='bbox 931 552 1071 590; x_wconf 77' lang='lat' dir='ltr'>cedere.</span> <span class='ocrx_word' id='word_1_71' title='bbox 1102 552 1223 599; x_wconf 89' lang='lat' dir='ltr'>Nam,</span> <span class='ocrx_word' id='word_1_72' title='bbox 1244 565 1336 604; x_wconf 91' lang='grc'>(1110-</span> 
     </span>
     <span class='ocr_line' id='line_1_10' title="bbox 223 606 1341 658; baseline -0.001 -13"><span class='ocrx_word' id='word_1_73' title='bbox 223 607 340 645; x_wconf 84' lang='grc' dir='ltr'>1110ᾶο</span> <span class='ocrx_word' id='word_1_74' title='bbox 373 619 451 645; x_wconf 84' lang='grc'>11011</span> <span class='ocrx_word' id='word_1_75' title='bbox 480 614 605 658; x_wconf 88' lang='lat' dir='ltr'>potest</span> <span class='ocrx_word' id='word_1_76' title='bbox 633 606 777 644; x_wconf 85' lang='lat' dir='ltr'>animal</span> <span class='ocrx_word' id='word_1_77' title='bbox 825 606 950 643; x_wconf 90' lang='lat' dir='ltr'>ullum</span> <span class='ocrx_word' id='word_1_78' title='bbox 983 618 1060 644; x_wconf 92' lang='lat' dir='ltr'>non</span> <span class='ocrx_word' id='word_1_79' title='bbox 1094 613 1270 657; x_wconf 89' lang='lat' dir='ltr'>appetere</span> <span class='ocrx_word' id='word_1_80' title='bbox 1300 606 1341 644; x_wconf 85' lang='lat' dir='ltr'>id</span> 
     </span>
     <span class='ocr_line' id='line_1_11' title="bbox 223 659 1340 712; baseline -0.001 -14"><span class='ocrx_word' id='word_1_81' title='bbox 223 661 328 712; x_wconf 91' lang='lat' dir='ltr'>quod</span> <span class='ocrx_word' id='word_1_82' title='bbox 352 660 682 700; x_wconf 88' lang='lat' dir='ltr'>accommodatum</span> <span class='ocrx_word' id='word_1_83' title='bbox 712 660 761 698; x_wconf 88' lang='lat' dir='ltr'>ad</span> <span class='ocrx_word' id='word_1_84' title='bbox 786 668 963 698; x_wconf 88' lang='lat' dir='ltr'>naturam</span> <span class='ocrx_word' id='word_1_85' title='bbox 990 667 1170 712; x_wconf 88' lang='lat' dir='ltr'>appareat</span> <span class='ocrx_word' id='word_1_86' title='bbox 1196 659 1340 703; x_wconf 87' lang='lat' dir='ltr'>(Graeci</span> 
     </span>
     <span class='ocr_line' id='line_1_12' title="bbox 224 714 1340 766; baseline -0.001 -14"><span class='ocrx_word' id='word_1_87' title='bbox 224 714 265 752; x_wconf 91' lang='lat' dir='ltr'>id</span> <span class='ocrx_word' id='word_1_88' title='bbox 297 730 418 752; x_wconf 77' lang='grc' dir='ltr'><strong><em>οικειον</em></strong></span> <span class='ocrx_word' id='word_1_89' title='bbox 445 715 671 766; x_wconf 88' lang='lat' dir='ltr'>appellant),</span> <span class='ocrx_word' id='word_1_90' title='bbox 703 715 757 752; x_wconf 90' lang='lat' dir='ltr'>sic</span> <span class='ocrx_word' id='word_1_91' title='bbox 784 727 862 753; x_wconf 92' lang='lat' dir='ltr'>non</span> <span class='ocrx_word' id='word_1_92' title='bbox 890 721 1015 766; x_wconf 91' lang='lat' dir='ltr'>potest</span> <span class='ocrx_word' id='word_1_93' title='bbox 1040 714 1230 763; x_wconf 84' lang='lat' dir='ltr'>objectam</span> <span class='ocrx_word' id='word_1_94' title='bbox 1258 726 1340 752; x_wconf 89' lang='lat' dir='ltr'>rem</span> 
     </span>
     <span class='ocr_line' id='line_1_13' title="bbox 224 769 801 820; baseline -0.002 -13"><span class='ocrx_word' id='word_1_95' title='bbox 224 769 466 820; x_wconf 87' lang='lat' dir='ltr'>perspicuam</span> <span class='ocrx_word' id='word_1_96' title='bbox 485 781 562 806; x_wconf 91' lang='lat' dir='ltr'>non</span> <span class='ocrx_word' id='word_1_97' title='bbox 581 770 801 820; x_wconf 88' lang='lat' dir='ltr'>approbare.</span> 
     </span>
    </p>

    <p class='ocr_par' dir='ltr' id='par_1_6' title="bbox 222 821 1344 1676">
     <span class='ocr_line' id='line_1_14' title="bbox 277 821 1338 874; baseline -0.001 -14"><span class='ocrx_word' id='word_1_98' title='bbox 277 823 544 874; x_wconf 84' lang='lat' dir='ltr'>Quamquam,</span> <span class='ocrx_word' id='word_1_99' title='bbox 576 822 608 860; x_wconf 91' lang='lat' dir='ltr'>si</span> <span class='ocrx_word' id='word_1_100' title='bbox 636 823 717 871; x_wconf 82' lang='lat' dir='ltr'>illa,</span> <span class='ocrx_word' id='word_1_101' title='bbox 749 822 796 860; x_wconf 94' lang='lat' dir='ltr'>de</span> <span class='ocrx_word' id='word_1_102' title='bbox 825 821 966 873; x_wconf 90' lang='lat' dir='ltr'>quibus</span> <span class='ocrx_word' id='word_1_103' title='bbox 998 821 1237 873; x_wconf 82' lang='lat' dir='ltr'>disputatum</span> <span class='ocrx_word' id='word_1_104' title='bbox 1267 828 1338 869; x_wconf 89' lang='lat' dir='ltr'>est,</span> 
     </span>
     <span class='ocr_line' id='line_1_15' title="bbox 223 876 1339 927; baseline -0.001 -13"><span class='ocrx_word' id='word_1_105' title='bbox 223 889 313 915; x_wconf 86' lang='lat' dir='ltr'>vera</span> <span class='ocrx_word' id='word_1_106' title='bbox 337 885 440 925; x_wconf 91' lang='lat' dir='ltr'>sunt,</span> <span class='ocrx_word' id='word_1_107' title='bbox 467 877 565 915; x_wconf 90' lang='lat' dir='ltr'>nihil</span> <span class='ocrx_word' id='word_1_108' title='bbox 589 876 724 914; x_wconf 88' lang='lat' dir='ltr'>attinet</span> <span class='ocrx_word' id='word_1_109' title='bbox 742 876 790 914; x_wconf 91' lang='lat' dir='ltr'>de</span> <span class='ocrx_word' id='word_1_110' title='bbox 807 876 1019 915; x_wconf 87' lang='lat' dir='ltr'>assensione</span> <span class='ocrx_word' id='word_1_111' title='bbox 1044 877 1201 914; x_wconf 90' lang='lat' dir='ltr'>omnino</span> <span class='ocrx_word' id='word_1_112' title='bbox 1219 876 1339 927; x_wconf 90' lang='lat' dir='ltr'>loqui.</span> 
     </span>
     <span class='ocr_line' id='line_1_16' title="bbox 225 929 1341 982; baseline 0 -14"><span class='ocrx_word' id='word_1_113' title='bbox 225 930 308 978; x_wconf 87' lang='lat' dir='ltr'>Qui</span> <span class='ocrx_word' id='word_1_114' title='bbox 327 930 430 968; x_wconf 88' lang='lat' dir='ltr'>enim</span> <span class='ocrx_word' id='word_1_115' title='bbox 449 930 544 982; x_wconf 86' lang='lat' dir='ltr'>quid</span> <span class='ocrx_word' id='word_1_116' title='bbox 561 930 735 982; x_wconf 86' lang='lat' dir='ltr'>percipit,</span> <span class='ocrx_word' id='word_1_117' title='bbox 756 930 959 968; x_wconf 87' lang='lat' dir='ltr'>assentitur</span> <span class='ocrx_word' id='word_1_118' title='bbox 983 930 1124 968; x_wconf 86' lang='lat' dir='ltr'>statim.</span> <span class='ocrx_word' id='word_1_119' title='bbox 1165 929 1240 968; x_wconf 87' lang='lat' dir='ltr'>Sed</span> <span class='ocrx_word' id='word_1_120' title='bbox 1259 929 1341 968; x_wconf 87' lang='lat' dir='ltr'>haec</span> 
     </span>
     <span class='ocr_line' id='line_1_17' title="bbox 223 983 1341 1036; baseline -0.001 -14"><span class='ocrx_word' id='word_1_121' title='bbox 223 984 339 1022; x_wconf 87' lang='lat' dir='ltr'>etiam</span> <span class='ocrx_word' id='word_1_122' title='bbox 375 992 602 1036; x_wconf 89' lang='lat' dir='ltr'>sequuntur,</span> <span class='ocrx_word' id='word_1_123' title='bbox 641 996 710 1022; x_wconf 90' lang='lat' dir='ltr'>nec</span> <span class='ocrx_word' id='word_1_124' title='bbox 746 984 973 1022; x_wconf 88' lang='lat' dir='ltr'>memoriam</span> <span class='ocrx_word' id='word_1_125' title='bbox 1011 984 1091 1022; x_wconf 90' lang='lat' dir='ltr'>sine</span> <span class='ocrx_word' id='word_1_126' title='bbox 1127 983 1341 1022; x_wconf 85' lang='lat' dir='ltr'>assensione</span> 
     </span>
     <span class='ocr_line' id='line_1_18' title="bbox 223 1037 1342 1089; baseline -0.002 -13"><span class='ocrx_word' id='word_1_127' title='bbox 223 1051 332 1089; x_wconf 91' lang='lat' dir='ltr'>posse</span> <span class='ocrx_word' id='word_1_128' title='bbox 350 1046 534 1086; x_wconf 84' lang='lat' dir='ltr'>constare,</span> <span class='ocrx_word' id='word_1_129' title='bbox 561 1051 630 1076; x_wconf 89' lang='lat' dir='ltr'>nec</span> <span class='ocrx_word' id='word_1_130' title='bbox 649 1038 801 1075; x_wconf 86' lang='lat' dir='ltr'>notitias</span> <span class='ocrx_word' id='word_1_131' title='bbox 821 1051 964 1084; x_wconf 87' lang='lat' dir='ltr'>rerum,</span> <span class='ocrx_word' id='word_1_132' title='bbox 984 1049 1054 1075; x_wconf 90' lang='lat' dir='ltr'>nec</span> <span class='ocrx_word' id='word_1_133' title='bbox 1072 1045 1195 1075; x_wconf 89' lang='lat' dir='ltr'>artes:</span> <span class='ocrx_word' id='word_1_134' title='bbox 1224 1037 1342 1088; x_wconf 89' lang='lat' dir='ltr'>idque</span> 
     </span>
     <span class='ocr_line' id='line_1_19' title="bbox 223 1091 1341 1144; baseline 0 -15"><span class='ocrx_word' id='word_1_135' title='bbox 223 1092 328 1144; x_wconf 93' lang='lat' dir='ltr'>quod</span> <span class='ocrx_word' id='word_1_136' title='bbox 346 1092 565 1129; x_wconf 80' lang='lat' dir='ltr'>maximum</span> <span class='ocrx_word' id='word_1_137' title='bbox 591 1099 660 1139; x_wconf 89' lang='lat' dir='ltr'>est,</span> <span class='ocrx_word' id='word_1_138' title='bbox 686 1098 731 1129; x_wconf 93' lang='lat' dir='ltr'>ut</span> <span class='ocrx_word' id='word_1_139' title='bbox 758 1091 806 1129; x_wconf 91' lang='lat' dir='ltr'>sit</span> <span class='ocrx_word' id='word_1_140' title='bbox 831 1091 978 1143; x_wconf 89' lang='lat' dir='ltr'>aliquid</span> <span class='ocrx_word' id='word_1_141' title='bbox 1002 1091 1044 1129; x_wconf 91' lang='lat' dir='ltr'>in</span> <span class='ocrx_word' id='word_1_142' title='bbox 1069 1091 1197 1129; x_wconf 69' lang='lat' dir='ltr'>nostra</span> <span class='ocrx_word' id='word_1_143' title='bbox 1215 1098 1341 1142; x_wconf 90' lang='lat' dir='ltr'>potes-</span> 
     </span>
     <span class='ocr_line' id='line_1_20' title="bbox 223 1145 1341 1197; baseline -0.002 -13"><span class='ocrx_word' id='word_1_144' title='bbox 223 1153 315 1194; x_wconf 82' lang='lat' dir='ltr'>tate,</span> <span class='ocrx_word' id='word_1_145' title='bbox 342 1145 383 1183; x_wconf 89' lang='lat' dir='ltr'>in</span> <span class='ocrx_word' id='word_1_146' title='bbox 403 1159 460 1193; x_wconf 90' lang='lat' dir='ltr'>eo,</span> <span class='ocrx_word' id='word_1_147' title='bbox 488 1145 556 1197; x_wconf 92' lang='lat' dir='ltr'>qui</span> <span class='ocrx_word' id='word_1_148' title='bbox 581 1145 635 1183; x_wconf 91' lang='lat' dir='ltr'>rei</span> <span class='ocrx_word' id='word_1_149' title='bbox 659 1145 758 1182; x_wconf 85' lang='lat' dir='ltr'>nulli</span> <span class='ocrx_word' id='word_1_150' title='bbox 777 1145 1013 1191; x_wconf 89' lang='lat' dir='ltr'>assentietur,</span> <span class='ocrx_word' id='word_1_151' title='bbox 1034 1157 1111 1182; x_wconf 91' lang='lat' dir='ltr'>non</span> <span class='ocrx_word' id='word_1_152' title='bbox 1131 1145 1211 1183; x_wconf 85' lang='lat' dir='ltr'>erit.</span> <span class='ocrx_word' id='word_1_153' title='bbox 1260 1145 1341 1183; x_wconf 88' lang='lat' dir='ltr'>Ubi</span> 
     </span>
     <span class='ocr_line' id='line_1_21' title="bbox 223 1198 1341 1250; baseline -0.001 -13"><span class='ocrx_word' id='word_1_154' title='bbox 223 1199 341 1250; x_wconf 87' lang='lat' dir='ltr'>igitur</span> <span class='ocrx_word' id='word_1_155' title='bbox 360 1199 493 1247; x_wconf 87' lang='lat' dir='ltr'>virtus,</span> <span class='ocrx_word' id='word_1_156' title='bbox 515 1198 545 1236; x_wconf 91' lang='lat' dir='ltr'>si</span> <span class='ocrx_word' id='word_1_157' title='bbox 565 1198 662 1236; x_wconf 90' lang='lat' dir='ltr'>nihil</span> <span class='ocrx_word' id='word_1_158' title='bbox 677 1198 794 1236; x_wconf 90' lang='lat' dir='ltr'>situm</span> <span class='ocrx_word' id='word_1_159' title='bbox 813 1206 869 1237; x_wconf 90' lang='lat' dir='ltr'>est</span> <span class='ocrx_word' id='word_1_160' title='bbox 887 1198 926 1236; x_wconf 89' lang='lat' dir='ltr'>in</span> <span class='ocrx_word' id='word_1_161' title='bbox 941 1199 1032 1250; x_wconf 91' lang='lat' dir='ltr'>ipsis</span> <span class='ocrx_word' id='word_1_162' title='bbox 1051 1198 1160 1236; x_wconf 89' lang='lat' dir='ltr'>nobis</span> <span class='ocrx_word' id='word_1_163' title='bbox 1174 1201 1192 1237; x_wconf 82' lang='lat'><strong>?</strong></span> <span class='ocrx_word' id='word_1_164' title='bbox 1221 1198 1341 1236; x_wconf 87' lang='lat' dir='ltr'>Max-</span> 
     </span>
     <span class='ocr_line' id='line_1_22' title="bbox 222 1252 1342 1304; baseline -0.001 -13"><span class='ocrx_word' id='word_1_165' title='bbox 222 1253 301 1291; x_wconf 88' lang='lat' dir='ltr'>ime</span> <span class='ocrx_word' id='word_1_166' title='bbox 327 1260 457 1291; x_wconf 89' lang='lat' dir='ltr'>autem</span> <span class='ocrx_word' id='word_1_167' title='bbox 483 1252 708 1299; x_wconf 89' lang='lat' dir='ltr'>absurdum,</span> <span class='ocrx_word' id='word_1_168' title='bbox 737 1252 829 1290; x_wconf 92' lang='lat' dir='ltr'>vitia</span> <span class='ocrx_word' id='word_1_169' title='bbox 851 1253 892 1290; x_wconf 89' lang='lat' dir='ltr'>in</span> <span class='ocrx_word' id='word_1_170' title='bbox 918 1253 1090 1304; x_wconf 90' lang='lat' dir='ltr'>ipsorum</span> <span class='ocrx_word' id='word_1_171' title='bbox 1113 1265 1192 1291; x_wconf 89' lang='lat' dir='ltr'>esse</span> <span class='ocrx_word' id='word_1_172' title='bbox 1216 1259 1342 1303; x_wconf 90' lang='lat' dir='ltr'>potes-</span> 
     </span>
     <span class='ocr_line' id='line_1_23' title="bbox 223 1306 1343 1358; baseline 0 -14"><span class='ocrx_word' id='word_1_173' title='bbox 223 1314 314 1353; x_wconf 88' lang='lat' dir='ltr'>tate,</span> <span class='ocrx_word' id='word_1_174' title='bbox 335 1319 458 1358; x_wconf 90' lang='lat' dir='ltr'>neque</span> <span class='ocrx_word' id='word_1_175' title='bbox 476 1319 630 1358; x_wconf 87' lang='lat' dir='ltr'>peccare</span> <span class='ocrx_word' id='word_1_176' title='bbox 648 1319 899 1358; x_wconf 90' lang='lat' dir='ltr'>quemquam,</span> <span class='ocrx_word' id='word_1_177' title='bbox 920 1306 993 1344; x_wconf 89' lang='lat' dir='ltr'>nisi</span> <span class='ocrx_word' id='word_1_178' title='bbox 1012 1306 1249 1351; x_wconf 88' lang='lat' dir='ltr'>assensione;</span> <span class='ocrx_word' id='word_1_179' title='bbox 1270 1306 1343 1344; x_wconf 90' lang='lat' dir='ltr'>hoc</span> 
     </span>
     <span class='ocr_line' id='line_1_24' title="bbox 223 1360 1344 1410; baseline -0.001 -12"><span class='ocrx_word' id='word_1_180' title='bbox 223 1361 326 1399; x_wconf 91' lang='lat' dir='ltr'>idem</span> <span class='ocrx_word' id='word_1_181' title='bbox 345 1360 386 1398; x_wconf 92' lang='lat' dir='ltr'>in</span> <span class='ocrx_word' id='word_1_182' title='bbox 405 1361 544 1399; x_wconf 91' lang='lat' dir='ltr'>virtute</span> <span class='ocrx_word' id='word_1_183' title='bbox 563 1373 641 1398; x_wconf 91' lang='lat' dir='ltr'>non</span> <span class='ocrx_word' id='word_1_184' title='bbox 660 1373 763 1406; x_wconf 81' lang='lat' dir='ltr'>esse3</span> <span class='ocrx_word' id='word_1_185' title='bbox 794 1362 903 1410; x_wconf 89' lang='lat' dir='ltr'>cujus</span> <span class='ocrx_word' id='word_1_186' title='bbox 929 1361 1053 1398; x_wconf 91' lang='lat' dir='ltr'>omnis</span> <span class='ocrx_word' id='word_1_187' title='bbox 1072 1360 1282 1399; x_wconf 87' lang='lat' dir='ltr'>constantia</span> <span class='ocrx_word' id='word_1_188' title='bbox 1306 1367 1344 1398; x_wconf 90' lang='lat' dir='ltr'>et</span> 
     </span>
     <span class='ocr_line' id='line_1_25' title="bbox 222 1414 1343 1466; baseline 0 -14"><span class='ocrx_word' id='word_1_189' title='bbox 222 1414 383 1452; x_wconf 84' lang='lat' dir='ltr'>firmitas</span> <span class='ocrx_word' id='word_1_190' title='bbox 409 1428 456 1452; x_wconf 85' lang='lat' dir='ltr'>ex</span> <span class='ocrx_word' id='word_1_191' title='bbox 481 1414 540 1452; x_wconf 92' lang='lat' dir='ltr'>his</span> <span class='ocrx_word' id='word_1_192' title='bbox 565 1416 678 1452; x_wconf 90' lang='lat' dir='ltr'>rebus</span> <span class='ocrx_word' id='word_1_193' title='bbox 703 1422 863 1462; x_wconf 89' lang='lat' dir='ltr'>constat,</span> <span class='ocrx_word' id='word_1_194' title='bbox 885 1414 1026 1466; x_wconf 92' lang='lat' dir='ltr'>quibus</span> <span class='ocrx_word' id='word_1_195' title='bbox 1045 1427 1197 1452; x_wconf 89' lang='lat' dir='ltr'>assensa</span> <span class='ocrx_word' id='word_1_196' title='bbox 1214 1420 1284 1461; x_wconf 89' lang='lat' dir='ltr'>est,</span> <span class='ocrx_word' id='word_1_197' title='bbox 1305 1420 1343 1452; x_wconf 90' lang='lat' dir='ltr'>et</span> 
     </span>
     <span class='ocr_line' id='line_1_26' title="bbox 222 1467 1341 1520; baseline -0.001 -14"><span class='ocrx_word' id='word_1_198' title='bbox 222 1482 319 1520; x_wconf 91' lang='lat' dir='ltr'>quas</span> <span class='ocrx_word' id='word_1_199' title='bbox 352 1468 599 1520; x_wconf 89' lang='lat' dir='ltr'>approbavit:</span> <span class='ocrx_word' id='word_1_200' title='bbox 639 1468 873 1520; x_wconf 90' lang='lat' dir='ltr'>omninoque</span> <span class='ocrx_word' id='word_1_201' title='bbox 905 1476 993 1506; x_wconf 89' lang='lat' dir='ltr'>ante</span> <span class='ocrx_word' id='word_1_202' title='bbox 1025 1468 1144 1506; x_wconf 89' lang='lat' dir='ltr'>videri</span> <span class='ocrx_word' id='word_1_203' title='bbox 1180 1467 1341 1519; x_wconf 83' lang='lat' dir='ltr'>aliquid,</span> 
     </span>
     <span class='ocr_line' id='line_1_27' title="bbox 225 1521 1340 1574; baseline -0.002 -14"><span class='ocrx_word' id='word_1_204' title='bbox 225 1536 344 1573; x_wconf 88' lang='lat' dir='ltr'>quam</span> <span class='ocrx_word' id='word_1_205' title='bbox 371 1535 544 1573; x_wconf 88' lang='lat' dir='ltr'>agamus,</span> <span class='ocrx_word' id='word_1_206' title='bbox 566 1535 714 1560; x_wconf 88' lang='lat' dir='ltr'>necesse</span> <span class='ocrx_word' id='word_1_207' title='bbox 740 1530 821 1567; x_wconf 79' lang='lat' dir='ltr'>est3</span> <span class='ocrx_word' id='word_1_208' title='bbox 851 1522 976 1574; x_wconf 92' lang='lat' dir='ltr'>eique,</span> <span class='ocrx_word' id='word_1_209' title='bbox 997 1522 1100 1574; x_wconf 90' lang='lat' dir='ltr'>quod</span> <span class='ocrx_word' id='word_1_210' title='bbox 1127 1521 1253 1560; x_wconf 82' lang='lat' dir='ltr'>visum</span> <span class='ocrx_word' id='word_1_211' title='bbox 1278 1521 1340 1569; x_wconf 92' lang='lat' dir='ltr'>sit,</span> 
     </span>
     <span class='ocr_line' id='line_1_28' title="bbox 224 1576 1343 1627; baseline 0 -13"><span class='ocrx_word' id='word_1_212' title='bbox 224 1577 485 1614; x_wconf 88' lang='lat' dir='ltr'>assentiamur.</span> <span class='ocrx_word' id='word_1_213' title='bbox 527 1576 672 1624; x_wconf 86' lang='lat' dir='ltr'>Quare,</span> <span class='ocrx_word' id='word_1_214' title='bbox 706 1577 773 1627; x_wconf 85' lang='lat' dir='ltr'>qui</span> <span class='ocrx_word' id='word_1_215' title='bbox 801 1583 868 1614; x_wconf 88' lang='lat' dir='ltr'>aut</span> <span class='ocrx_word' id='word_1_216' title='bbox 896 1577 1022 1614; x_wconf 88' lang='lat' dir='ltr'>visum</span> <span class='ocrx_word' id='word_1_217' title='bbox 1052 1585 1121 1614; x_wconf 88' lang='lat' dir='ltr'>aut</span> <span class='ocrx_word' id='word_1_218' title='bbox 1147 1588 1343 1614; x_wconf 85' lang='lat' dir='ltr'>assensum</span> 
     </span>
     <span class='ocr_line' id='line_1_29' title="bbox 223 1630 1038 1676; baseline 0 -8"><span class='ocrx_word' id='word_1_219' title='bbox 223 1630 337 1676; x_wconf 78' lang='lat' dir='ltr'>tolljt,</span> <span class='ocrx_word' id='word_1_220' title='bbox 359 1630 391 1668; x_wconf 92' lang='lat' dir='ltr'>is</span> <span class='ocrx_word' id='word_1_221' title='bbox 410 1643 564 1668; x_wconf 90' lang='lat' dir='ltr'>omnem</span> <span class='ocrx_word' id='word_1_222' title='bbox 584 1630 771 1668; x_wconf 90' lang='lat' dir='ltr'>actionem</span> <span class='ocrx_word' id='word_1_223' title='bbox 790 1630 890 1668; x_wconf 78' lang='lat' dir='ltr'>tollit</span> <span class='ocrx_word' id='word_1_224' title='bbox 908 1643 928 1668; x_wconf 92' lang='lat' dir='ltr'>e</span> <span class='ocrx_word' id='word_1_225' title='bbox 947 1630 1038 1668; x_wconf 57' lang='lat' dir='ltr'>vita„</span> 
     </span>
    </p>

    <p class='ocr_par' dir='ltr' id='par_1_7' title="bbox 223 1682 1345 2222">
     <span class='ocr_line' id='line_1_30' title="bbox 278 1682 1344 1736; baseline 0 -15"><span class='ocrx_word' id='word_1_226' title='bbox 278 1684 405 1721; x_wconf 90' lang='lat' dir='ltr'><strong>XIII.</strong></span> <span class='ocrx_word' id='word_1_227' title='bbox 436 1684 475 1722; x_wconf 88' lang='lat' dir='ltr'>N</span> <span class='ocrx_word' id='word_1_228' title='bbox 481 1696 554 1721; x_wconf 91' lang='lat' dir='ltr'>unc</span> <span class='ocrx_word' id='word_1_229' title='bbox 574 1697 617 1722; x_wconf 89' lang='lat' dir='ltr'>ea</span> <span class='ocrx_word' id='word_1_230' title='bbox 636 1683 846 1730; x_wconf 87' lang='lat' dir='ltr'>videamus,</span> <span class='ocrx_word' id='word_1_231' title='bbox 867 1697 954 1736; x_wconf 89' lang='lat' dir='ltr'>quae</span> <span class='ocrx_word' id='word_1_232' title='bbox 972 1690 1102 1722; x_wconf 89' lang='lat' dir='ltr'>contra</span> <span class='ocrx_word' id='word_1_233' title='bbox 1120 1684 1168 1721; x_wconf 89' lang='lat' dir='ltr'>ab</span> <span class='ocrx_word' id='word_1_234' title='bbox 1187 1683 1246 1721; x_wconf 91' lang='lat' dir='ltr'>his</span> <span class='ocrx_word' id='word_1_235' title='bbox 1266 1682 1344 1721; x_wconf 87' lang='lat' dir='ltr'>dis-</span> 
     </span>
     <span class='ocr_line' id='line_1_31' title="bbox 223 1737 1343 1789; baseline -0.001 -14"><span class='ocrx_word' id='word_1_236' title='bbox 223 1738 351 1789; x_wconf 88' lang='lat' dir='ltr'>putari</span> <span class='ocrx_word' id='word_1_237' title='bbox 370 1738 503 1776; x_wconf 89' lang='lat' dir='ltr'>solent.</span> <span class='ocrx_word' id='word_1_238' title='bbox 533 1738 608 1776; x_wconf 89' lang='lat' dir='ltr'>Sed</span> <span class='ocrx_word' id='word_1_239' title='bbox 622 1738 728 1789; x_wconf 89' lang='lat' dir='ltr'>prius</span> <span class='ocrx_word' id='word_1_240' title='bbox 742 1738 897 1789; x_wconf 88' lang='lat' dir='ltr'>potestis</span> <span class='ocrx_word' id='word_1_241' title='bbox 911 1738 1026 1776; x_wconf 90' lang='lat' dir='ltr'>totius</span> <span class='ocrx_word' id='word_1_242' title='bbox 1040 1750 1172 1775; x_wconf 89' lang='lat' dir='ltr'>eorum</span> <span class='ocrx_word' id='word_1_243' title='bbox 1187 1737 1343 1775; x_wconf 89' lang='lat' dir='ltr'>rationis</span> 
     </span>
     <span class='ocr_line' id='line_1_32' title="bbox 224 1790 1344 1843; baseline -0.001 -14"><span class='ocrx_word' id='word_1_244' title='bbox 224 1791 334 1843; x_wconf 90' lang='lat' dir='ltr'>quasi</span> <span class='ocrx_word' id='word_1_245' title='bbox 370 1792 623 1829; x_wconf 87' lang='lat' dir='ltr'>fundamenta</span> <span class='ocrx_word' id='word_1_246' title='bbox 659 1805 892 1842; x_wconf 86' lang='lat' dir='ltr'>cognoscere.</span> <span class='ocrx_word' id='word_1_247' title='bbox 941 1791 1190 1843; x_wconf 91' lang='lat' dir='ltr'>Componunt</span> <span class='ocrx_word' id='word_1_248' title='bbox 1225 1790 1344 1842; x_wconf 81' lang='lat' dir='ltr'>igitur</span> 
     </span>
     <span class='ocr_line' id='line_1_33' title="bbox 224 1845 1340 1897; baseline -0.001 -14"><span class='ocrx_word' id='word_1_249' title='bbox 224 1846 397 1896; x_wconf 89' lang='lat' dir='ltr'>primum</span> <span class='ocrx_word' id='word_1_250' title='bbox 417 1853 537 1883; x_wconf 91' lang='lat' dir='ltr'>artem</span> <span class='ocrx_word' id='word_1_251' title='bbox 556 1846 767 1897; x_wconf 86' lang='lat' dir='ltr'>quamdam</span> <span class='ocrx_word' id='word_1_252' title='bbox 786 1846 833 1884; x_wconf 92' lang='lat' dir='ltr'>de</span> <span class='ocrx_word' id='word_1_253' title='bbox 851 1846 925 1893; x_wconf 92' lang='lat' dir='ltr'>his,</span> <span class='ocrx_word' id='word_1_254' title='bbox 945 1859 1033 1897; x_wconf 89' lang='lat' dir='ltr'>quae</span> <span class='ocrx_word' id='word_1_255' title='bbox 1058 1846 1138 1883; x_wconf 89' lang='lat' dir='ltr'>visa</span> <span class='ocrx_word' id='word_1_256' title='bbox 1163 1845 1340 1892; x_wconf 80' lang='lat' dir='ltr'>dicimus,</span> 
     </span>
     <span class='ocr_line' id='line_1_34' title="bbox 225 1899 1343 1951; baseline -0.001 -14"><span class='ocrx_word' id='word_1_257' title='bbox 225 1912 435 1951; x_wconf 89' lang='lat' dir='ltr'>eorumque</span> <span class='ocrx_word' id='word_1_258' title='bbox 454 1907 490 1937; x_wconf 91' lang='lat' dir='ltr'>et</span> <span class='ocrx_word' id='word_1_259' title='bbox 509 1899 588 1937; x_wconf 88' lang='lat' dir='ltr'>vim</span> <span class='ocrx_word' id='word_1_260' title='bbox 612 1908 648 1938; x_wconf 89' lang='lat' dir='ltr'>et</span> <span class='ocrx_word' id='word_1_261' title='bbox 667 1913 806 1950; x_wconf 89' lang='lat' dir='ltr'>genera</span> <span class='ocrx_word' id='word_1_262' title='bbox 830 1900 1043 1945; x_wconf 84' lang='lat' dir='ltr'>definiunt;</span> <span class='ocrx_word' id='word_1_263' title='bbox 1074 1899 1115 1936; x_wconf 90' lang='lat' dir='ltr'>in</span> <span class='ocrx_word' id='word_1_264' title='bbox 1133 1899 1208 1947; x_wconf 87' lang='lat' dir='ltr'>his,</span> <span class='ocrx_word' id='word_1_265' title='bbox 1228 1899 1343 1950; x_wconf 81' lang='lat' dir='ltr'>quale</span> 
     </span>
     <span class='ocr_line' id='line_1_35' title="bbox 225 1952 1342 2005; baseline -0.001 -14"><span class='ocrx_word' id='word_1_266' title='bbox 225 1953 274 1992; x_wconf 88' lang='lat' dir='ltr'>sit</span> <span class='ocrx_word' id='word_1_267' title='bbox 299 1953 354 2000; x_wconf 91' lang='lat' dir='ltr'>id,</span> <span class='ocrx_word' id='word_1_268' title='bbox 375 1953 479 2005; x_wconf 92' lang='lat' dir='ltr'>quod</span> <span class='ocrx_word' id='word_1_269' title='bbox 497 1953 640 2004; x_wconf 88' lang='lat' dir='ltr'>percipi</span> <span class='ocrx_word' id='word_1_270' title='bbox 660 1961 696 1991; x_wconf 92' lang='lat' dir='ltr'>et</span> <span class='ocrx_word' id='word_1_271' title='bbox 715 1954 985 2005; x_wconf 90' lang='lat' dir='ltr'>comprehendi</span> <span class='ocrx_word' id='word_1_272' title='bbox 1009 1953 1152 2004; x_wconf 88' lang='lat' dir='ltr'>possit;</span> <span class='ocrx_word' id='word_1_273' title='bbox 1183 1952 1342 1991; x_wconf 77' lang='lat' dir='ltr'>totidem</span> 
     </span>
     <span class='ocr_line' id='line_1_36' title="bbox 225 2006 1343 2067; baseline -0.001 -22"><span class='ocrx_word' id='word_1_274' title='bbox 225 2007 364 2054; x_wconf 84' lang='lat' dir='ltr'>verbis,</span> <span class='ocrx_word' id='word_1_275' title='bbox 393 2014 487 2059; x_wconf 92' lang='lat' dir='ltr'>quot</span> <span class='ocrx_word' id='word_1_276' title='bbox 506 2007 635 2046; x_wconf 81' lang='lat' dir='ltr'>Sto&#39;ici.</span> <span class='ocrx_word' id='word_1_277' title='bbox 666 2006 817 2046; x_wconf 89' lang='lat' dir='ltr'>Deinde</span> <span class='ocrx_word' id='word_1_278' title='bbox 836 2008 903 2045; x_wconf 88' lang='lat' dir='ltr'>illa</span> <span class='ocrx_word' id='word_1_279' title='bbox 928 2014 1126 2058; x_wconf 84' lang='lat' dir='ltr'>exponunt</span> <span class='ocrx_word' id='word_1_280' title='bbox 1143 2006 1235 2053; x_wconf 91' lang='lat' dir='ltr'>duo,</span> <span class='ocrx_word' id='word_1_281' title='bbox 1255 2019 1343 2067; x_wconf 80' lang='lat' dir='ltr'>quae</span> 
     </span>
     <span class='ocr_line' id='line_1_37' title="bbox 225 2059 1343 2113; baseline -0.001 -15"><span class='ocrx_word' id='word_1_282' title='bbox 225 2061 336 2112; x_wconf 86' lang='lat' dir='ltr'>quasi</span> <span class='ocrx_word' id='word_1_283' title='bbox 353 2061 570 2100; x_wconf 84' lang='lat' dir='ltr'>contineant</span> <span class='ocrx_word' id='word_1_284' title='bbox 589 2074 744 2099; x_wconf 90' lang='lat' dir='ltr'>omnem</span> <span class='ocrx_word' id='word_1_285' title='bbox 762 2062 861 2099; x_wconf 87' lang='lat' dir='ltr'>hanc</span> <span class='ocrx_word' id='word_1_286' title='bbox 879 2061 1153 2113; x_wconf 86' lang='lat' dir='ltr'>quaestionem·</span> <span class='ocrx_word' id='word_1_287' title='bbox 1185 2073 1272 2112; x_wconf 86' lang='lat' dir='ltr'>quae</span> <span class='ocrx_word' id='word_1_288' title='bbox 1289 2059 1343 2097; x_wconf 85' lang='lat' dir='ltr'>ita</span> 
     </span>
     <span class='ocr_line' id='line_1_38' title="bbox 226 2113 1342 2165; baseline -0.002 -12"><span class='ocrx_word' id='word_1_289' title='bbox 226 2114 441 2163; x_wconf 64' lang='lat' dir='ltr'>videantur,</span> <span class='ocrx_word' id='word_1_290' title='bbox 467 2123 512 2153; x_wconf 89' lang='lat' dir='ltr'>ut</span> <span class='ocrx_word' id='word_1_291' title='bbox 531 2115 646 2153; x_wconf 81' lang='lat' dir='ltr'>etiam</span> <span class='ocrx_word' id='word_1_292' title='bbox 665 2115 741 2153; x_wconf 85' lang='lat' dir='ltr'>alia</span> <span class='ocrx_word' id='word_1_293' title='bbox 759 2115 893 2153; x_wconf 85' lang='lat' dir='ltr'>eodem</span> <span class='ocrx_word' id='word_1_294' title='bbox 911 2115 1027 2153; x_wconf 91' lang='lat' dir='ltr'>modo</span> <span class='ocrx_word' id='word_1_295' title='bbox 1045 2114 1164 2152; x_wconf 89' lang='lat' dir='ltr'>videri</span> <span class='ocrx_word' id='word_1_296' title='bbox 1182 2113 1342 2165; x_wconf 87' lang='lat' dir='ltr'>possint,</span> 
     </span>
     <span class='ocr_line' id='line_1_39' title="bbox 227 2167 1345 2222; baseline -0.002 -14"><span class='ocrx_word' id='word_1_297' title='bbox 227 2179 297 2209; x_wconf 83' lang='lat' dir='ltr'>nee</span> <span class='ocrx_word' id='word_1_298' title='bbox 320 2168 362 2208; x_wconf 88' lang='lat' dir='ltr'>in</span> <span class='ocrx_word' id='word_1_299' title='bbox 386 2168 446 2209; x_wconf 92' lang='lat' dir='ltr'>his</span> <span class='ocrx_word' id='word_1_300' title='bbox 471 2169 684 2222; x_wconf 84' lang='lat' dir='ltr'>quidquam</span> <span class='ocrx_word' id='word_1_301' title='bbox 710 2169 871 2218; x_wconf 86' lang='lat' dir='ltr'>intersit,</span> <span class='ocrx_word' id='word_1_302' title='bbox 895 2181 973 2209; x_wconf 88' lang='lat' dir='ltr'>non</span> <span class='ocrx_word' id='word_1_303' title='bbox 990 2181 1099 2222; x_wconf 89' lang='lat' dir='ltr'>posse</span> <span class='ocrx_word' id='word_1_304' title='bbox 1117 2179 1248 2209; x_wconf 81' lang='lat' dir='ltr'>eorum</span> <span class='ocrx_word' id='word_1_305' title='bbox 1269 2167 1345 2207; x_wconf 80' lang='lat' dir='ltr'>alia</span> 
     </span>
    </p>
   </div>
  </div>
 </body>
</html>
