1456 2396
249 64 326 103 100
401 62 576 104 ORAT.
599 63 1016 114 PARTITIONES,
1046 63 1154 103 Cu.
1174 63 1214 103 4.

246 173 450 222 currentia,
479 174 519 212 in
538 174 680 226 quibus
697 174 796 213 inest
809 172 958 226 aliquid
972 171 1215 225 argumenti,
1246 178 1293 211 ut
1310 184 1371 210 re-

246 239 336 265 rum
355 229 626 278 contentiones,
647 229 742 281 quid
755 229 897 278 majus,
917 227 1013 280 quid
1026 241 1110 279 par,
1129 227 1226 279 quid
1237 227 1369 265 minus

247 280 324 319 sit·
363 281 404 320 in
434 283 576 334 quibus
604 291 673 322 aut
702 291 849 321 naturae
881 295 1025 331 rerum,
1057 289 1125 320 aut
1154 281 1368 329 facultates,

249 344 532 387 comparantur.

301 390 387 428 ΙΙΙ.
417 393 562 431 Filias.
586 391 832 432 Omnibusne
856 391 975 443 igitur
992 404 1041 429 ex
1059 390 1119 429 his
1137 389 1229 429 locis
1253 402 1370 441 argu--

248 452 380 483 menta
394 458 590 485 sumemus
601 449 619 486 ἓ
648 449 785 485 Pater.
803 446 934 484 Immo
946 458 1034 484 vero
1049 444 1317 493 scrutabimur,
1333 450 1372 481 et

248 512 465 550 quaeremus
484 514 531 540 ex
551 501 753 540 omnibus:
785 501 852 539 sed
877 499 1146 538 adhibebimus
1160 498 1368 548 judicium,

247 560 293 590 ut
310 553 410 593 levia
428 568 576 607 semper
589 556 819 605 rejiciamus,
839 567 1122 606 nonnunquam
1135 553 1252 592 etiam
1265 565 1370 592 com-

247 608 382 646 munia
410 610 761 661 praetermittamus,
794 618 832 648 et
860 621 938 648 non
968 607 1187 647 necessaria.
1222 609 1369 646 Filius.

249 661 448 710 Quoniam
475 663 522 702 de
548 664 624 703 fide
650 664 890 716 respondisti,
919 663 1006 702 volo
1024 662 1156 701 audire
1180 662 1229 700 de
1246 669 1370 700 motu.

247 717 386 755 Pater.
415 717 520 757 Loco
545 718 702 770 quidem
728 718 892 770 quaeris:
924 717 990 756 sed
1017 716 1172 769 planius
1191 716 1296 769 quod
1314 715 1372 754 vis

248 771 516 832 explicabitur
532 786 622 812 cum
640 773 690 811 ad
708 773 888 812 orationis
901 772 1022 825 ipsius
1035 771 1373 824 quaestionumque

247 825 435 864 rationem
453 840 602 866 venero.

301 881 447 918 Filius.
469 881 578 930 Quid
596 882 768 934 sequitur
786 882 936 945 igitur?
977 883 1114 921 Pater.
1135 880 1240 920 Cum
1263 880 1372 918 inve-

247 934 362 983 neris,
383 936 588 975 collocare·
614 935 812 989 [cujus,]
801 950 842 975 ιιι
861 936 1014 975 infinita
1033 935 1256 988 quastione,
1276 934 1371 974 ordo

247 996 304 1027 αεὶ
328 988 432 1028 idem
458 990 550 1039 fere,
579 1005 696 1043 quem
723 991 898 1043 exposui,
924 991 1122 1030 locorum:
1151 989 1194 1028 in
1212 988 1371 1028 definita

246 1050 379 1082 autem
408 1044 626 1084 adhibenda
655 1054 746 1084 sunt
775 1046 842 1084 illa
871 1045 1001 1094 etiam,
1029 1058 1118 1097 quae
1141 1044 1191 1083 ad
1215 1051 1369 1082 motum

245 1097 462 1137 animorum
493 1100 696 1151 pertinent.
739 1102 886 1139 Filius.
917 1099 1125 1149 Quomodo
1149 1098 1268 1150 igitur
1296 1098 1370 1136 ista

248 1153 447 1204 explicas?
489 1156 625 1193 Pater.
648 1154 788 1194 Habeo
806 1154 1027 1193 communia
1044 1161 1235 1206 praecepta
1251 1152 1370 1191 fidem

247 1205 426 1255 faciendi,
453 1215 490 1246 et
517 1209 795 1248 commovendi.
836 1209 1034 1258 Quoniam
1058 1208 1152 1247 fides
1178 1214 1234 1246 est
1257 1206 1371 1245 firma

247 1261 402 1313 opini03
433 1270 561 1301 motus
579 1269 725 1312 autem,
745 1263 866 1302 animi
884 1263 1055 1302 incitatio
1073 1270 1142 1302 aut
1164 1261 1215 1301 ad
1233 1261 1371 1313 volup-r

247 1322 381 1365 tatem,
411 1324 478 1355 aut
493 1317 543 1355 ad
560 1318 791 1367 molestiam,
811 1326 879 1356 aut
896 1318 947 1356 ad
964 1325 1130 1366 metum,
1149 1324 1218 1355 aut
1235 1315 1286 1354 ad
1304 1328 1371 1356 cu-

245 1369 447 1420 piditatem
467 1374 540 1415 (tot
558 1373 661 1410 enim
680 1380 771 1411 sunt
787 1374 915 1411 motus
927 1384 1082 1424 genera,
1101 1379 1228 1423 partes
1241 1370 1371 1422 plures

246 1437 433 1474 generum
463 1426 748 1477 singulorum„
777 1439 934 1466 omnem
952 1426 1239 1465 collocationem
1256 1424 1307 1463 ad
1324 1425 1372 1463 fi-

246 1490 338 1517 nem
363 1480 610 1519 accommodo
629 1481 861 1533 quaestionis.
910 1481 1017 1519 Nam
1037 1488 1094 1520 est
1111 1480 1151 1518 in
1177 1478 1372 1532 proposito

248 1533 349 1583 finis,
370 1533 487 1574 fides:
513 1534 554 1572 in
575 1548 702 1584 causa,
724 1543 761 1574 et
776 1535 870 1575 fides
888 1543 927 1575 et
942 1542 1083 1574 motus.
1112 1533 1260 1583 Quare,
1279 1545 1370 1572 cum

247 1588 296 1626 de
321 1601 437 1627 causa
455 1588 632 1637 dixero,
621 1602 662 1627 ιιι
681 1603 760 1642 qua
778 1598 834 1629 est
854 1589 1109 1652 propositum,
1135 1588 1183 1627 de
1207 1595 1372 1640 utroque

248 1642 393 1681 dixero.
422 1644 568 1682 Filius.
589 1642 699 1692 Quid
724 1644 842 1684 habes
867 1644 985 1696 igitur
1008 1643 1057 1682 de
1081 1656 1196 1682 causa
1214 1642 1370 1681 dicere?

249 1699 386 1735 Pater.
406 1697 645 1736 Auditorum
666 1711 752 1737 eam
770 1711 908 1761 genere
931 1697 1128 1749 distingui.
1176 1696 1284 1735 Nam
1303 1703 1372 1734 aut

247 1752 481 1790 auscultator
506 1759 561 1790 est
586 1752 701 1791 modo
727 1754 795 1805 qui
820 1753 942 1802 audit,
968 1760 1037 1791 aut
1061 1752 1304 1803 disceptator,
1330 1750 1372 1788 id

248 1813 318 1854 est,
339 1806 394 1844 rei
413 1806 685 1859 sententiaeque
702 1807 943 1853 moderator3
971 1807 1040 1855 ita,
1060 1815 1105 1845 ut
1123 1814 1192 1844 aut
1208 1805 1371 1844 delecte-

248 1867 325 1908 tur,
355 1868 422 1899 aut
440 1868 583 1899 statuat
607 1861 766 1913 aliquid.
808 1862 951 1901 Statuit
968 1868 1098 1900 autem
1117 1868 1185 1899 aut
1203 1859 1252 1898 de
1268 1872 1367 1911 prae-

247 1914 381 1963 teritis,
402 1923 447 1953 ut
461 1915 597 1965 judex,
618 1923 685 1954 aut
704 1916 751 1954 de
769 1915 922 1965 futuris,
943 1923 988 1954 ut
1006 1922 1171 1954 senatus.
1215 1913 1278 1953 Sic
1296 1913 1370 1952 tria

248 1976 338 2006 sunt
374 1982 527 2020 genera,
562 1969 712 2019 judicii,
750 1970 1046 2019 deliberationis,
1085 1967 1340 2008 exornationis
1353 1982 1368 2013 ς

248 2035 350 2074 quae,
381 2024 471 2075 quia
505 2024 544 2062 in
577 2024 814 2063 laudationes
842 2025 1013 2063 maxime
1044 2023 1251 2073 confertur,
1279 2035 1368 2074 pro-

247 2077 377 2128 prium
397 2078 512 2117 habet
527 2080 611 2128 jam
631 2092 679 2117 ex
698 2091 743 2118 eo
760 2091 914 2118 nomen.

300 2131 376 2171 IV.
406 2134 550 2171 Filius.
572 2131 682 2181 Quas
701 2146 759 2172 res
785 2133 857 2173 sibi
882 2140 1069 2186 proponet
1087 2133 1127 2170 in
1145 2131 1227 2170 istis
1244 2130 1367 2169 tn'bus

241 2187 445 2236 generibus
469 2190 626 2227 orator?
659 2189 795 2227 Pater.
817 2187 1122 2228 Delectationem
1146 2186 1187 2225 in
1206 2197 1377 2233 exorna--
