1456 2396
311 61 392 103 DE
420 60 679 111 FINIBUS,
699 60 803 101 121⁸.
820 59 882 101 11.
902 59 1013 102 CAP.
1031 62 1069 107 7.
1182 58 1268 98 385

122 179 206 212 tam
229 171 449 213 liaesitaret.
479 179 548 213 aut
573 172 680 212 enim
705 185 793 212 eam
812 171 1052 225 voluptatem
1077 176 1266 216 tueretur,

122 240 246 280 quam
262 227 507 281 Aristippus,
526 227 569 267 id
586 236 657 272 δὲ,
678 241 760 280 qua
785 240 920 268 sensus
941 227 1106 266 dulciter
1132 238 1176 264 ac
1201 226 1270 276 ju-

267 291 472 330 movetur3
503 296 623 336 quam
651 283 768 321 etiam
794 283 974 345 pecudes,
995 282 1027 321 si
1053 280 1161 334 loqui
1179 293 1270 332 pos-

124 327 224 387 serit,
243 337 486 391 appellarent
505 339 774 390 voluptatem:
805 346 887 388 aut,
908 337 941 377 si
958 337 1086 390 magis
1104 336 1273 389 placeret

127 404 199 433 suo
217 405 327 433 more
345 393 470 447 loqui,
490 406 613 446 quam

180 470 213 492 “
232 468 386 510 Omnes
405 469 539 509 Danai
557 468 831 523 Mycenenses,
852 469 991 508 Attica
1008 468 1177 522 pubes?

126 560 348 615 reliquique
373 561 517 608 Graeci,
537 561 607 614 qui
632 561 708 600 hoc
733 569 930 613 anapaesto
955 561 1152 606 citanturg
1182 559 1271 606 hoc,

127 628 206 655 non
225 617 370 665 dolere,
391 617 518 656 solum
534 616 745 669 voluptatis
759 616 919 655 nomine
932 616 1157 668 appellaret,
1173 615 1273 654 illud

127 671 402 726 Aristippeum
425 679 710 712 contemneret:
742 679 825 718 aut,
842 671 874 710 si
900 680 1113 733 utrumque
1133 672 1276 723 proba-

128 735 201 774 ret,
222 735 269 766 ut
292 729 446 781 probat,
474 728 727 779 conjungeret
753 726 897 765 doloris
922 727 1155 765 vacuitatem
1181 738 1274 765 cum

131 783 346 836 voluptate,
367 791 405 822 et
423 782 577 822 duobus
596 782 746 821 ultimis
765 790 949 820 uteretur.

186 837 313 877 Multi
338 838 444 878 enim
468 846 507 877 et
524 837 661 890 magni
686 836 909 890 philosophi
935 836 1017 876 haec
1043 836 1184 875 ultima
1205 836 1277 875 bo-

131 904 275 933 norum
301 894 440 945 juncta
464 893 653 941 fecerunt,
681 901 726 932 ut
752 892 998 939 Aristoteles,
1030 892 1099 944 qui
1126 891 1278 930 virtutis

131 962 249 989 nsum
288 962 379 988 cum
417 948 507 988 vitae
543 948 723 1001 perfectae
766 947 1018 1001 prosperitate
1060 947 1278 997 conjunxit.

132 1003 316 1058 Callipho
330 1004 393 1044 ad
377 1004 526 1056 Junxit,
539 1003 589 1043 ad
608 1003 864 1051 honestatem,
881 1003 1147 1055 voluptatem.
1182 1001 1280 1040 Dio-

131 1059 250 1100 dorus
282 1059 333 1099 ad
370 1059 550 1099 eamdem
583 1059 826 1098 honestatem
864 1057 1014 1097 addidit
1045 1058 1279 1096 vacuitatem

134 1114 291 1155 doloris.
323 1114 434 1155 Idem
455 1115 605 1155 fecisset
625 1114 835 1168 Epicurus,
857 1114 889 1152 si
913 1113 1142 1152 sententiam
1163 1112 1278 1160 hanc,

136 1184 228 1224 que
245 1182 351 1210 nunc
368 1169 605 1223 Hieronymi
620 1181 691 1217 est,
707 1169 970 1219 conjunxisset
986 1182 1076 1208 cum
1089 1168 1285 1221 Aristippi

135 1234 262 1266 vetere
277 1226 478 1266 sentmtia.
511 1226 578 1265 lui
593 1225 698 1265 enim
718 1225 818 1264 inter
833 1238 872 1264 se
887 1224 1143 1263 dissentiunt:
1165 1237 1282 1276 prop-

135 1287 241 1322 terea
276 1281 441 1334 singulis
484 1280 629 1321 finibus
666 1289 857 1321 utuntur:
900 1287 952 1327 et,
989 1292 1081 1319 cum
1119 1287 1283 1332 uterque

136 1337 274 1377 Graeoe
292 1337 445 1390 egregie
463 1337 661 1390 loquatur,
683 1349 753 1376 nec
781 1336 1022 1388 Aristippus,
1051 1334 1121 1388 qui
1146 1335 1285 1388 volup-

136 1399 257 1432 tatem
277 1405 479 1432 summum
500 1394 649 1432 bonum
668 1392 807 1438 dicit,
797 1405 837 1430 in
859 1390 1058 1444 voluptate
1076 1389 1187 1443 ponit
1205 1402 1284 1429 non

136 1446 281 1494 dolere,
314 1460 442 1501 neque
475 1447 758 1500 Hieronymus
792 1447 863 1500 qui
898 1458 1100 1486 summum
1134 1446 1286 1484 bonum

137 1503 274 1543 statuit
291 1515 371 1542 non
390 1502 534 1550 dolere,
555 1503 766 1566 voluptatis
785 1502 944 1542 nomine
964 1513 1140 1555 unquam
1162 1501 1287 1540 utitur

137 1571 210 1612 pro
228 1558 299 1597 illa
316 1557 557 1605 indolentia;
588 1559 736 1612 quippe
754 1559 824 1611 qui
838 1571 888 1598 ne
902 1557 942 1596 in
962 1555 1188 1610 expetendis
1200 1556 1289 1609 qui-

138 1612 230 1653 dem
249 1615 365 1653 rebus
383 1621 563 1653 numeret
582 1614 837 1667 voluptatem.

195 1668 300 1709 VII.
331 1668 436 1709 Duae
464 1677 556 1709 sunt
583 1669 688 1709 enim
723 1683 784 1710 res
812 1681 985 1723 quoque,
1016 1680 1067 1707 ne
1097 1675 1140 1707 tu
1171 1668 1289 1706 verba

140 1723 271 1765 solum
289 1732 416 1778 putes.
461 1724 601 1765 Unum
621 1733 692 1773 est,
714 1725 798 1765 sine
816 1725 949 1764 dolore
968 1737 1075 1768 oese·
1105 1723 1288 1772 alterum,

140 1792 234 1820 cum
260 1779 472 1833 voluptate.
515 1780 554 1819 V
556 1793 599 1819 os
627 1794 676 1820 ex
704 1780 765 1820 his
790 1788 871 1819 tam
897 1779 1150 1819 dissimilibus
1175 1779 1291 1817 rebus

141 1835 360 1875 nonmodo
378 1847 523 1875 nomen
541 1849 668 1875 unum
685 1840 796 1880 (nani
816 1836 857 1875 id
872 1835 1025 1876 facilius
1044 1842 1212 1897 paterer)
1226 1833 1292 1872 sed

141 1890 262 1930 etiam
286 1903 371 1930 rem
390 1903 511 1930 unam
538 1904 587 1930 ex
613 1891 767 1931 duabus
786 1891 910 1931 facere
935 1889 1155 1930 conamini:
1187 1887 1294 1941 quod

143 1945 228 1985 fieri
247 1945 360 1985 nullo
378 1946 497 1987 modo
514 1954 653 2000 potest.
686 1947 779 1996 Hic,
806 1947 876 2000 qui
902 1954 1112 1998 utramque
1138 1945 1292 1997 probat,

144 2002 338 2042 ambobus
356 2001 494 2041 debuit
512 2002 586 2050 uti,
607 2003 706 2042 sicut
724 2003 817 2042 facit
829 2016 883 2052 re,
900 2014 1027 2054 neque
1042 2009 1174 2039 tamen
1194 1998 1295 2037 divi-

144 2055 204 2095 dit
222 2056 360 2096 verbis.
391 2056 497 2096 Cum
517 2058 622 2097 enim
642 2071 730 2098 eam
750 2059 876 2112 ipsam
896 2057 1152 2109 voluptatem,
1174 2066 1296 2108 quam

144 2111 282 2152 eodem
300 2112 461 2152 nomine
478 2124 615 2153 omnes
634 2114 893 2178 appellamus,
910 2112 1046 2151 laudat
1063 2110 1158 2150 locis
1171 2109 1296 2163 pluri-

143 2167 236 2215 mis,
256 2166 375 2207 audet
392 2167 533 2216 dicere,
554 2181 604 2208 ne
623 2169 810 2222 suspicari
829 2168 991 2222 quidem
1011 2180 1052 2206 se
1077 2166 1207 2205 ullum
1226 2166 1298 2204 bo-

145 2233 245 2263 num
264 2223 486 2274 sejunctum
505 2224 556 2263 ab
574 2224 644 2266 ino
658 2225 886 2279 Aristippeo
900 2235 1041 2276 genere
1061 2220 1296 2276 voluptatisz

203 2278 398 2327 (philos.)
429 2289 537 2319 voi..
560 2291 614 2319 11.
894 2282 964 2318 21„
