1456 2396
196 89 686 134 ACADEMICORUM
705 89 808 130 Lm.
829 91 888 131 ΙΙ.
909 91 1016 132 ΟΑΡ.
1032 93 1098 132 43.
1140 96 1220 135 341

93 217 182 258 quae
208 205 379 243 Απαὲεια
407 199 642 240 nominatur.
689 200 777 239 Has
806 201 925 253 igitur
942 208 1000 241 tot
1018 203 1224 244 sententias

91 267 138 312 ut
161 258 410 302 omittamus;
438 255 523 294 haec
551 267 656 294 nunc
679 255 893 305 videamus,
920 270 1008 310 quae
1026 256 1094 296 diu
1116 260 1221 297 mul-

85 321 254 366 tumque
269 311 426 350 defensa
443 316 546 348 sunt.

144 368 232 406 Alii
261 367 502 418 voluptatem
528 364 648 403 finem
679 377 759 403 esse
789 365 1020 411 voluerunt;
1050 380 1220 419 quorum

82 424 273 476 »princeps
301 420 542 472 Aristippus,
573 419 642 470 qui
669 420 864 458 Socratem
894 421 1091 468 audierat3
1121 423 1226 462 unde

96 475 310 530 Cyrenaici.
358 475 453 513 Post
469 473 678 525 Epicurus,
699 475 808 523 cujus
828 483 883 512 est
902 475 1103 528 disciplina
1120 489 1225 516 nunc

90 533 242 578 notior;
272 542 399 582 neque
420 537 550 567 tamen
569 530 658 566 cum
679 527 898 579 Cyrenaicis
917 530 965 568 de
982 531 1067 582 ipsa
1086 532 1224 584 volup-

93 594 172 626 tate
196 584 444 625 consentiens.
484 583 739 634 Voluptatem
764 592 896 621 autem
923 593 959 622 et
983 585 1224 625 honestatem

93 643 212 680 finem
231 653 310 679 esse
335 637 516 690 Callipho
540 637 711 676 censuit:
741 650 875 676 vacare
900 639 1007 677 omni
1031 641 1222 690 molestia,

89 697 380 747 Hieronymus:
410 693 483 731 hoc
500 691 619 738 idem,
651 704 741 730 cum
770 692 981 736 honestate,
1012 693 1220 734 Diodorus.

90 752 228 790 Ambo
245 750 287 788 hi
307 747 560 799 Peripatetici.
592 747 766 785 Honeste
785 755 915 785 autem
930 748 1069 794 vivere,
1091 749 1224 788 fruen-

91 814 171 846 tem
190 806 304 844 rebus
321 803 367 841 iis
386 815 481 854 quas
499 801 644 853 primas
662 801 811 840 homini
829 809 967 840 natura
982 803 1170 852 conciliet,
1188 812 1225 843 et

92 868 200 901 vetus
218 857 433 897 Academia
451 856 611 903 censuit,
626 859 687 898 (ut
705 856 875 894 indicant
894 857 1033 908 scripta
1046 858 1226 897 Polemo-

91 916 165 962 nis,
181 926 299 967 quem
313 911 532 950 Antiochus
549 912 687 962 probat
705 911 892 957 maxime)
914 919 951 949 et
968 912 1196 952 Aristoteles
1211 928 1222 959 3

96 971 256 1021 ejusque
281 966 396 1005 amici
419 978 523 1004 nunc
548 965 724 1016 proxime
742 965 920 1003 videntur
939 966 1124 1005 accedere.
1156 969 1226 1006 In-

95 1024 319 1064 troducebat
337 1022 454 1060 etiam
474 1019 703 1067 Carneades,
730 1032 808 1058 non
834 1033 912 1071 quo
937 1022 1129 1072 probaret,
1160 1023 1226 1060 sed

83 1087 141 1118 ‘ut
159 1084 366 1131 opponeret
385 1075 536 1123 Stoicis,
556 1087 757 1113 summum
782 1076 930 1113 bonum
957 1089 1049 1122 esse,
1076 1075 1154 1114 frui
1180 1077 1227 1115 iis

95 1135 210 1173 rebus
230 1145 325 1184 quas
343 1130 488 1183 primas
512 1138 649 1168 natura
675 1129 958 1168 conciliavisset.
1003 1130 1226 1170 Honestum

95 1185 241 1234 autem,
271 1186 377 1239 quod
406 1185 568 1224 ducatur
594 1197 617 1222 a
642 1184 903 1222 conciliatione
928 1192 1089 1233 naturae,
1120 1186 1227 1225 Zeno

96 1243 227 1282 statuit
246 1242 364 1279 finem
383 1253 462 1279 esse
479 1241 697 1285 bonorum3
718 1238 788 1291 qui
805 1239 981 1278 inventor
995 1248 1032 1278 et
1049 1239 1226 1292 princeps

93 1298 311 1337 Stoicorum
328 1295 415 1333 fuit.

150 1351 316 1391 XLIII.
345 1350 441 1388 Jam
470 1347 569 1387 illud
596 1348 842 1400 perspicuum
874 1355 942 1395 aet,
973 1349 1153 1388 omnibus
1179 1350 1226 1389 iis

96 1407 239 1446 finibus
257 1407 461 1450 bonorum,
483 1416 579 1456 quos
605 1403 778 1454 exposui,
805 1403 999 1441 malorum
1026 1404 1121 1442 fines
1147 1418 1227 1444 esse

87 1460 313 1501 contrarios.
342 1458 413 1497 Ad
430 1471 496 1497 vos
514 1470 617 1496 nunc
631 1457 766 1503 refero,
788 1470 903 1509 quem
921 1461 1089 1510 sequar?
1110 1459 1228 1498 modo

95 1530 145 1556 ne
163 1516 250 1569 quis
267 1513 366 1552 illud
388 1522 469 1552 tam
494 1512 732 1550 ineruditum
757 1512 1047 1564 absurdumque
1071 1527 1227 1565 respon-

91 1571 206 1611 deat:
238 1569 478 1618 Quemlibet,
503 1567 620 1606 modo
643 1567 825 1618 aliquem.
875 1567 990 1605 Nihil
1009 1576 1132 1619 potest
1151 1568 1228 1607 dici

93 1624 421 1665 inconsideratius.
451 1622 578 1673 Cupio
593 1621 701 1673 sequi
716 1622 884 1660 stoicos:
902 1622 1040 1660 licetne
1056 1623 1224 1668 (omitto,

93 1694 163 1734 per
191 1680 322 1732 ipsum
346 1677 612 1723 Aristotelem,
637 1689 725 1714 meo
747 1676 892 1726 judicio
917 1676 958 1714 in
983 1676 1228 1729 philosophia

95 1748 215 1788 prope
241 1733 491 1785 singularem)
516 1745 583 1783 per
609 1731 739 1783 ipsum
764 1730 1007 1769 Antiochum
1023 1734 1041 1770 Ρ
1071 1732 1139 1783 qui
1159 1746 1227 1784 ap-

97 1790 314 1842 pellabatur
346 1786 630 1832 Academicus3
661 1794 741 1824 erat
771 1785 943 1837 quidem,
976 1786 1007 1824 si
1036 1799 1228 1838 perpauca

97 1843 335 1890 mutavisset,
367 1841 680 1894 germanissimus
710 1841 872 1879 Stoicus.
913 1840 1002 1879 Erit
1026 1841 1145 1892 igitur
1169 1855 1229 1880 res

94 1899 179 1949 jam
192 1898 234 1936 in
248 1897 477 1936 discrimine.
518 1896 626 1934 Nam
640 1903 708 1934 aut
728 1895 878 1934 Stoicus
897 1896 1150 1934 constituatur
1169 1909 1230 1934 sa-

99 1953 223 2005 piens,
243 1959 312 1990 aut
329 1951 464 1990 veteris
477 1950 715 1989 Academiae.
745 1950 969 2002 Utrumque
983 1962 1060 1988 non
1075 1958 1200 2001 potest
1213 1965 1225 1989 z

100 2015 157 2046 est
182 2006 286 2046 enim
303 2006 403 2045 inter
420 2018 497 2055 eos,
517 2018 596 2044 non
614 2005 665 2044 de
680 2004 869 2052 terminis,
889 2005 955 2044 sed
974 2004 1021 2043 de
1041 2005 1121 2042 tota
1139 2018 1228 2056 pose

95 2061 274 2110 sessione,
295 2059 510 2099 contentio:
531 2072 624 2098 nam
643 2059 768 2098 omnis
786 2059 883 2098 ratio
901 2059 990 2097 vitae
1008 2058 1230 2098 definitione

96 2115 242 2156 summi
270 2114 363 2153 boni
389 2115 631 2161 continetur3
660 2114 709 2154 de
742 2113 821 2165 qua
851 2114 920 2166 qui
949 2112 1148 2164 dissident,
1181 2113 1230 2153 de

97 2170 206 2210 omni
224 2169 370 2209 ratione
388 2169 477 2208 vitae
494 2169 689 2208 dissident.
735 2168 829 2206 Non
847 2175 972 2219 potest
986 2167 1105 2220 igitur
1122 2176 1228 2207 uter-

94 2238 173 2278 que
192 2238 271 2265 aese
287 2224 452 2277 sapiens,
473 2223 658 2276 quoniam
683 2230 880 2275 tantopere
897 2222 1141 2273 dissentiunt,
1161 2222 1228 2263 sed

770 2278 796 2315 2
817 2289 846 2316 G
875 2279 900 2316 3
