1466 2458
220 100 248 139 6
566 96 831 146 ORATOR,
852 95 959 137 cir.
981 98 1021 143 7.

225 207 433 254 conclusa,
422 221 432 231 ·
463 206 530 246 alii
547 207 649 255 laevi,
671 215 709 246 et
728 206 887 257 structa,
901 216 940 246 et
958 205 1192 254 terminat&
1220 213 1260 246 et
1272 219 1367 246 eon-

223 272 285 304 tra
302 271 452 311 tenues,
472 262 590 310 acuti,
610 262 743 301 onmia
761 262 954 311 docentes,
975 270 1013 301 et
1030 260 1273 329 dilucidiora,
1285 273 1366 301 non

225 318 430 370 ampliora,
450 316 644 366 facientes,
666 317 800 356 subtili
814 317 986 369 quadam
1000 324 1040 356 et
1052 316 1184 370 pressa
1195 316 1369 356 oratione

228 372 367 413 limati.
398 372 449 411 In
468 371 682 424 eodemque
699 384 839 424 genere
858 371 925 410 alii
939 371 1085 434 callidi,
1097 371 1165 411 sed
1181 369 1368 433 impoliti,

228 437 268 468 et
286 427 462 466 consulto
484 426 642 465 rudium
669 426 814 465 similes
840 435 878 465 et
903 426 1203 479 imperitorum,
1232 425 1300 465 alii
1325 424 1368 464 in

227 482 364 522 eadem
380 482 585 532 jejunitate
604 481 880 530 concinniores,
899 481 942 520 id
961 490 1031 531 est,
1044 481 1173 532 faceti,
1189 480 1369 521 florentes

230 538 364 586 etiam,
385 545 423 576 et
441 536 577 576 leviter
594 537 731 575 ornati.

286 591 361 631 Est
385 599 517 630 autem
543 591 704 644 quidam
731 592 967 642 interjectus,
988 592 1088 632 inter
1109 591 1182 631 hos
1198 590 1369 639 medius,

232 656 271 687 et
290 647 402 700 quasi
421 655 672 698 temperatus,
699 659 769 686 nec
795 647 975 686 acumine
1000 646 1271 699 posteriorum,
1298 658 1369 685 nec

235 701 442 754 [flumine]
459 709 571 740 utens
586 702 844 754 superiorum,
857 709 902 740 ut
920 701 1059 741 cinnus
1077 700 1372 750 amborum‚in

231 765 371 796 neutro
390 756 594 802 excellens,
616 756 819 809 utriusque
837 756 1049 809 particeps;
1080 756 1142 795 vel
1168 755 1373 808 utriusque

234 812 286 856 (si
314 824 449 850 verum
470 811 698 863 quaerimus)
718 811 847 864 potius
865 825 1014 864 expers.
1064 811 1184 864 Isque
1206 823 1288 851 uno
1315 817 1373 850 te-

234 879 328 906 nore
349 869 411 910 (ut
426 866 552 914 aiunt)
572 866 612 904 in
633 866 794 905 dicendo
813 865 914 915 fluit,
935 866 1033 905 nihil
1052 866 1215 905 afferens
1233 873 1374 918 praeter

233 921 462 961 facilitatem
481 929 519 960 et
546 921 876 974 aequabilitatem;
906 929 975 960 aut
1000 920 1109 960 addit
1134 920 1301 974 aliquoS,
1329 927 1375 959 ut

233 977 276 1015 in
299 989 454 1025 corona,
484 984 600 1024 toros,
629 989 866 1038 omnemque
892 975 1106 1015 orationem
1139 974 1377 1015 ornamentis

231 1030 394 1070 modicis
420 1032 626 1070 verborum
653 1031 1009 1094 sententiarumque
1033 1030 1250 1083 distinguit.
1288 1029 1377 1068 Ho-

232 1099 325 1125 rum
344 1086 586 1138 singulorum
606 1098 794 1137 generum
813 1086 1054 1138 quicumque
1072 1085 1152 1124 vim
1167 1083 1374 1137 [singulis]

235 1141 429 1181 consecuti
449 1149 554 1189 sunt,
574 1153 766 1192 magnum
789 1141 830 1179 in
850 1141 1065 1180 oratoribus
1083 1152 1225 1179 nomen
1249 1139 1378 1178 habu-

234 1203 362 1235 erunt.
404 1195 481 1234 Sed
508 1195 762 1248 quaerendum
789 1204 860 1246 est,
881 1195 1023 1235 satisne
1048 1194 1104 1245 id,
1133 1194 1241 1248 quod
1266 1194 1379 1234 volu·

235 1263 340 1298 mus,
363 1250 568 1290 effecerint.

293 1305 396 1345 v11.
426 1305 464 1344 V
467 1305 618 1344 idemus
647 1305 751 1344 enim
779 1306 898 1345 fuisse
925 1306 1131 1359 quosdam,
1159 1305 1229 1359 qui
1257 1304 1378 1344 iidem

236 1368 371 1400 ornate
386 1373 430 1399 ac
440 1360 621 1422 graviter,
631 1361 749 1400 iidem
763 1369 915 1400 versute
927 1370 963 1401 et
976 1361 1181 1408 subtiliter,
1192 1359 1376 1399 dicerent.

236 1415 376 1468 Atque
394 1415 545 1454 utinam
572 1415 612 1453 ιιι
642 1415 794 1455 Latinis
821 1415 908 1455 talis
935 1416 1095 1455 oratoris
1119 1415 1373 1455 simulacrum

238 1469 405 1523 reperire
423 1470 651 1522 possemus!
683 1478 780 1510 osset
795 1471 995 1523 egregium
1021 1483 1100 1509 non
1119 1482 1291 1524 quaerere
1309 1482 1379 1509 ex-

238 1533 365 1573 terna,
385 1524 604 1564 domesticis
623 1539 703 1564 esse
723 1534 933 1565 contentos.
982 1525 1059 1565 Sed
1078 1538 1151 1578 ego
1169 1524 1290 1573 idem,
1309 1524 1380 1578 qui

239 1580 282 1619 in
300 1580 369 1619 illo
393 1592 568 1618 sermone
593 1589 737 1629 nostro,
759 1581 829 1633 qui
855 1589 912 1620 est
941 1580 1140 1633 expositus
1164 1579 1205 1618 in
1235 1580 1378 1625 Bruto,

237 1635 413 1676 multum
432 1634 635 1673 tribuerim
657 1635 824 1683 Latinis,
845 1636 906 1675 vel
931 1643 977 1674 ut
994 1635 1168 1675 hortarer
1185 1634 1296 1683 alios,
1317 1634 1379 1673 vel

197 1708 200 1710 ·
239 1690 347 1743 quod
365 1702 539 1728 amarem
558 1702 679 1737 meos,
705 1690 881 1730 recordor
905 1690 1021 1752 longe
1046 1689 1230 1729 omnibus
1252 1701 1378 1729 unum

240 1744 431 1788 anteferre
460 1743 781 1806 Demosthenem,
810 1745 880 1798 qui
906 1745 986 1784 vim
1010 1743 1312 1785 accommodarit
1329 1743 1381 1782 ad

238 1813 341 1847 eam,
362 1812 482 1861 quam
496 1799 675 1848 sentiam,
693 1800 970 1862 eloquentiam,
986 1812 1064 1839 non
1078 1799 1129 1839 ad
1141 1812 1244 1847 eam,
1257 1811 1378 1861 quam

238 1855 282 1894 in
302 1854 463 1907 aliquo
453 1867 535 1906 lpse
563 1855 822 1906 cognoverim.
864 1855 954 1895 Hoc
973 1867 1043 1894 nec
1061 1854 1215 1907 gravior
1232 1853 1381 1893 exstitit

238 1909 465 1963 quisquam,
500 1922 570 1948 nec
604 1909 792 1956 callidior,
823 1923 894 1950 nec
923 1909 1182 1962 temperatior.
1241 1908 1383 1970 Itaque

239 1964 352 2004 nobis
370 1963 556 2002 monendi
575 1971 664 2002 sunt
684 1964 725 2013 ιι,
747 1978 916 2017 quorum
941 1977 1067 2004 sermo
1095 1963 1319 2025 imperitus
1320 1962 1383 2002 in-

240 2019 404 2067 crebuit,
425 2018 495 2071 qui
522 2026 591 2056 aut
617 2018 692 2057 dici
718 2033 757 2058 se
783 2020 1001 2059 desiderant
1023 2019 1192 2067 Atticos,
1221 2026 1290 2058 aut
1307 2016 1384 2070 ipsi

240 2074 376 2113 Attice
395 2073 532 2112 volunt
549 2072 688 2120 dicere,
709 2082 753 2112 ut
773 2075 964 2115 minentur
982 2075 1087 2114 hunc
1105 2074 1292 2121 maxime,
1304 2085 1385 2126 quo

241 2142 293 2168 ne
311 2127 491 2167 Athenas
505 2127 695 2180 quidem
685 2141 786 2180 lpsas
805 2130 931 2182 magis
949 2129 1063 2169 credo
1081 2129 1199 2168 fuisse
1216 2127 1383 2168 Atticus.

243 2183 356 2233 Quid
386 2182 492 2222 enim
524 2181 575 2221 sit
603 2183 801 2229 Atticum,
832 2185 1010 2232 discant3
1043 2183 1385 2252 eloquentiamque

241 2238 364 2294 ipsius
377 2237 538 2289 viribus,
552 2249 631 2278 non
645 2238 911 2280 imbecillitate
922 2254 1009 2290 sua,
1022 2239 1244 2280 metianum
1265 2236 1388 2277 Nune
