1456 2396
129 86 214 127 236
240 85 326 127 AD
342 84 727 137 HERENNIUM,
747 85 849 127 Lm.
871 85 948 128 1v.
969 85 1077 129 CAP-
1096 89 1164 130 28.

126 196 220 236 taris
243 196 468 247 adjumento
491 194 593 242 fuit3
623 195 720 235 nihil
747 195 955 236 Corinthiis
979 196 1130 238 erudita
1151 199 1258 239 calli-

123 251 224 290 ditas
241 250 409 303 praesidii
427 250 542 296 tulit·
572 250 670 289 nihil
695 251 930 303 Fregellanis
947 264 1102 291 morum
1120 260 1159 292 et
1176 267 1256 293 ser-

126 305 253 344 monis
279 306 433 344 societas
458 305 645 357 opitulata
668 306 766 344 est.'’
807 306 923 353 Item,
955 308 984 329 “
1003 306 1037 346 F
1038 319 1155 347 ormae
1172 308 1259 360 dig-

125 360 227 398 nitas
252 367 321 398 aut
344 361 480 399 morbo
505 359 728 408 deflorescit,
755 367 823 399 aut
841 367 1028 399 vetustate
1046 362 1258 415 exstingui-

128 414 235 453 tur.‘'
266 414 347 453 Hic
364 422 588 466 utrumque,
609 423 647 453 et
663 415 703 453 in
724 414 915 466 superiore
929 416 1106 468 exemplo
1119 429 1260 457 unam-

130 482 329 522 quamque
346 481 443 518 rem,
463 476 564 508 certo
589 471 705 508 verbo
730 468 906 509 concludi
923 469 1109 510 videmus.
1156 471 1261 511 Con..

125 524 277 574 junctio
307 531 376 571 est,
408 536 512 572 cum,
542 523 825 576 interpositione
850 524 969 572 verbi,
996 531 1034 563 et
1051 526 1260 578 superiores

129 578 309 617 orationis
326 586 453 630 partes
479 578 867 630 comprehenduntur,
894 586 932 616 et
955 578 1164 629 inferiores,
1186 580 1261 621 hoc

129 633 270 672 modo:
305 636 333 656 “
354 633 507 672 Formae
524 633 689 685 dignitas
707 641 775 672 aut
793 635 928 672 morbo
946 633 1170 684 deflorescit,
1190 643 1259 675 aut

131 687 359 727 vetustate.’'
409 687 624 738 Adjunctio
656 695 725 735 est,
759 701 849 726 cum
882 689 1057 737 verbum,
1091 702 1170 742 quo
1201 703 1261 730 res

129 741 478 795 comprehenditur,
502 755 582 781 non
601 742 892 795 interponimus,
920 742 986 782 sed
1003 751 1071 782 aut
1088 743 1261 796 primum

131 804 201 835 aut
229 805 467 849 post-remum
498 797 739 836 collocamus.
797 797 990 845 Primum,
1020 797 1094 837 hoc
1122 807 1259 852 pacto.

133 853 163 873 ‘⁶
184 851 408 891 Defloraecit
432 852 567 891 formae
592 852 757 904 dignitas
782 859 850 890 aut
874 853 1022 900 morbo,
1049 861 1117 892 aut
1135 862 1263 894 vetus-

130 907 251 945 tate.”
281 907 526 945 Postremum
546 906 622 945 sic.
656 910 684 930 “
703 909 790 945 Aut
805 907 953 953 morbo,
974 915 1042 946 aut
1060 915 1261 958 vetustate,

131 960 267 1000 formae
285 961 450 1023 dignitas
468 961 717 1000 deflorescit.”
746 961 816 1000 Ad
834 961 1076 1000 festivitatem
1095 962 1265 1025 disjunc-

131 1015 188 1054 tio
207 1024 263 1055 est
280 1017 479 1068 apposita;
509 1029 629 1068 quare
647 1015 767 1054 rarius
786 1024 941 1054 utemur
959 1029 1018 1063 ea,
1041 1028 1091 1055 ne
1115 1018 1266 1057 satieta-

131 1077 212 1109 tem
230 1071 377 1123 pariat:
408 1070 458 1109 ad
476 1071 702 1110 brevitatem
717 1070 959 1121 conjunctio;
989 1084 1107 1124 quare
1125 1073 1264 1126 saepius

133 1125 354 1164 adhibenda
372 1134 439 1164 est.

187 1179 400 1219 XXVIII.
431 1179 510 1219 Hae
539 1187 614 1218 tres
643 1179 906 1219 exornationes
935 1178 984 1219 de
1008 1179 1173 1233 simplici
1197 1195 1264 1235 ge-

135 1246 226 1273 nere
244 1242 416 1273 manant.

189 1289 484 1342 Conduplicatio
502 1296 571 1337 est,
593 1301 683 1328 cum
702 1288 847 1327 ratione
871 1288 1179 1341 amplificationis
1197 1298 1265 1331 aut

133 1343 486 1392 commiserationis,
511 1344 683 1394 ejusdem
703 1344 832 1390 unius,
857 1351 925 1382 aut
943 1343 1115 1396 plurium
1134 1347 1267 1386 verbo·

133 1412 236 1445 rum,
251 1399 412 1445 iteratio,
426 1398 498 1437 hoc
511 1398 627 1437 modo
641 1413 651 1436 ε
684 1402 712 1421 “
727 1398 943 1438 Tumultus
955 1398 1000 1438 C.
1015 1399 1192 1450 Gracchi,
1206 1409 1268 1440 tu-

133 1453 282 1492 multus
311 1453 533 1492 domesticos
559 1461 597 1492 et
628 1453 838 1500 intestinos,
873 1454 1110 1506 comparat.”
1149 1455 1267 1505 Item,

135 1510 165 1530 ‘⁶
187 1507 415 1547 Commotus
434 1521 511 1546 non
530 1521 582 1555 ee,
600 1521 689 1547 cum
709 1508 780 1547 tibi
797 1515 919 1547 mater
938 1508 1052 1561 pedes
1070 1511 1268 1562 amplexa-

133 1565 265 1602 retur?
286 1576 363 1601 non
375 1577 412 1602 es
426 1571 663 1602 commotus.
654 1564 700 1591 ⁹”
721 1563 839 1611 Item,
855 1566 883 1586 “
898 1563 1017 1602 Nunc
1027 1563 1143 1602 etiam
1154 1564 1272 1605 audes

134 1617 176 1655 in
202 1617 342 1656 horum
369 1626 614 1670 conspectum
640 1618 781 1666 venire,
802 1617 972 1670 proditor
988 1619 1144 1670 patriae.
1135 1621 1152 1647 ⁹
1181 1632 1270 1672 pro-

136 1671 250 1720 ditor,
282 1673 459 1725 inquam,
487 1672 634 1724 patriae,
662 1673 789 1711 venire
814 1672 931 1711 audes
956 1673 996 1711 in
1021 1673 1161 1712 horum
1179 1687 1269 1714 con

135 1734 334 1778 spectum.
325 1728 371 1755 ’>”
402 1727 661 1766 Vehementer
687 1727 900 1766 auditorem
930 1735 1145 1767 commovet
1169 1730 1271 1779 ejus-

129 1781 226 1825 ,dem
252 1782 522 1834 redintegratio
548 1782 677 1821 verbi·
666 1812 678 1828 ,
708 1789 746 1821 et
771 1782 913 1821 vulnus
938 1783 1066 1833 majus
1091 1783 1239 1822 efficit
1227 1797 1269 1823 ιιι

135 1837 324 1875 contrario
343 1849 491 1883 causae;
523 1837 633 1888 quasi
652 1836 810 1890 aliquod
828 1837 952 1876 telum
978 1837 1116 1889 saepius
1137 1851 1270 1890 perve-

136 1890 218 1930 niat
246 1891 288 1929 in
318 1891 494 1930 eamdem
523 1900 673 1943 partem
700 1892 876 1944 corporis.
907 1891 1175 1944 Interpretatio
1199 1901 1269 1943 est,

137 1959 227 1998 quae
254 1958 332 1984 non
361 1946 502 1984 iterans
531 1945 635 1984 idem
664 1946 896 1999 redintegrat
926 1948 1102 1996 verbum,
1136 1946 1202 1986 sed
1230 1948 1272 1988 id

137 2008 366 2050 commutat,
396 2000 501 2053 quod
519 2000 689 2053 positum
707 2009 777 2049 est,
801 2001 877 2040 alio
895 2003 1024 2048 verbo,
1045 2001 1151 2053 quod
1168 2001 1272 2043 idem

136 2055 276 2103 valeat,
307 2055 381 2094 hoc
409 2055 550 2094 modo:
584 2057 612 2079 “
629 2056 930 2109 Rempublicam
960 2055 1141 2095 radicitus
1167 2069 1271 2097 ever-

137 2109 245 2156 tisti;
275 2109 468 2149 civitatem
492 2108 669 2149 funditus
687 2110 897 2161 dejecisti.”
925 2109 1043 2160 Item,
1065 2112 1094 2134 “
1114 2110 1270 2151 Patrem

136 2164 279 2204 nefarie
296 2165 529 2207 verberastis
550 2165 697 2217 parenti
715 2177 855 2204 manus
877 2165 1053 2204 scelerate
1065 2164 1270 2206 inmlisti.”

138 2219 303 2262 Necesse
317 2227 374 2260 est
387 2220 484 2271 ejus,
501 2221 570 2273 qui
583 2220 706 2272 audit,
726 2220 903 2261 animum
918 2219 1164 2270 commoveri,
1179 2233 1271 2262 cum
