1456 2396
178 124 260 163 336
306 124 799 167 ACADEMICORUM
819 122 1209 167 11112.11.CA1·.39.

231 233 289 273 Ut
300 235 478 274 omittam
489 235 687 276 levitatem
698 243 842 276 temere
852 235 1158 286 assentientium,
1173 233 1312 290 quanti
1379 244 1385 249 ·

176 287 355 328 libertas
344 297 418 328 ista
429 291 656 330 aestimanda
663 299 733 338 ost,
742 304 819 330 non
831 290 931 330 mihi
942 303 1093 330 necesse
1103 303 1196 339 esse,
1205 289 1311 343 quod

174 342 246 381 tibi
266 346 356 383 est?
387 345 469 383 Cur
483 345 606 395 Deus,
626 346 758 385 omnia
776 345 895 385 nostri
914 358 1029 384 551155
1046 358 1138 385 511111
1156 345 1310 392 faceret,

176 397 247 438 (sic
267 399 371 437 enim
391 400 524 448 vultis)
544 408 690 439 tantam
712 401 791 439 vim
807 401 999 438 natricum
1014 400 1311 452 viperarumque

174 451 328 492 fecerit.
318 456 335 481 ’θ
365 467 434 493 5111·
458 455 653 494 mortifera
676 464 756 494 tam
782 455 908 493 multa
936 453 1187 508 [perniciosa]
1208 454 1309 493 terra

175 506 351 560 marique
377 509 624 562 disperserit⁹
655 510 818 572 Negatis
842 510 924 548 haec
948 517 1030 548 tam
1055 509 1188 562 polite,
1208 517 1310 548 tam-

173 574 250 613 que
276 563 466 603 subtiliter
492 565 589 604 effici
613 565 782 617 potuisse
808 565 888 603 sine
917 563 1049 603 divina
1073 564 1206 627 aliqua
1234 563 1311 603 sol-

171 616 308 663 lertia;
340 620 450 669 cujus
469 619 627 672 quidem
643 633 708 659 vos
722 621 962 670 majestatem
981 618 1169 658 deducins
1185 631 1311 671 usque

172 670 222 708 ad
241 672 374 724 apium
394 674 721 727 formicarumque
734 674 1033 727 perfectionem,
1054 681 1100 712 ut
1118 673 1234 712 etiam
1249 673 1310 712 in-

172 733 230 764 ter
251 726 355 766 Deos
373 728 634 781 Myrmecides
652 730 807 782 aliquis,
835 728 1078 767 minutorum
1103 728 1308 781 opusculo-

172 793 261 819 rum
280 782 498 830 fabricator,
518 783 636 822 fuisse
655 784 842 823 videatur.

227 836 360 888 Negas
375 838 456 877 sine
469 838 555 877 Deo
568 852 677 891 posse
691 839 920 901 quidquam.
951 837 1052 878 Ecce
1066 837 1137 877 tibi
1150 851 1172 877 e
1186 845 1310 877 trans-

171 903 279 929 verso
299 892 587 985 Lampsacenus
608 896 751 941 Strato,
767 894 835 956 qui
854 894 918 932 det
937 893 1000 932 isti
1016 893 1132 932 Deo
1121 893 1308 931 immuni-

172 952 291 984 tatem
311 948 444 1000 magni
465 948 559 1010 quid
562 962 623 987 em
643 949 826 987 muneris.
869 948 960 996 Sed,
987 961 1076 987 cum
1097 947 1309 987 sacerdotes

171 998 348 1040 Deorum
365 1003 602 1042 vacationem
622 1003 804 1050 habeant,
825 1012 972 1056 quanto
991 1010 1047 1042 est
1066 1002 1215 1055 aequius
1239 1001 1310 1040 ha-

171 1056 289 1094 bere
279 1069 380 1108 ipsos
400 1057 530 1096 Deos!
565 1059 695 1110 Negat
713 1071 830 1110 opera
850 1057 1026 1096 Deorum
1046 1071 1085 1096 se
1104 1057 1163 1096 uti
1181 1056 1231 1096 ad
1250 1056 1310 1095 fa-

170 1109 398 1150 bricandum
416 1112 621 1150 mnndum.
644 1113 916 1164 Quaecmnque
930 1113 1021 1158 sint,
1035 1111 1158 1161 dooet,
1174 1111 1308 1151 omnia

169 1177 250 1203 esse
270 1166 403 1205 effecta
422 1168 585 1205 natura.
616 1180 700 1212 1155,
730 1175 774 1206 ut
794 1167 874 1213 ille,
895 1167 964 1219 qui
983 1166 1126 1219 asperis
1145 1174 1183 1206 et
1200 1166 1308 1205 laevi-

168 1219 242 1257 bus
257 1228 295 1258 et
314 1220 480 1260 hamatis
500 1222 768 1274 uncinatisque
787 1221 1009 1274 corporibus
1031 1228 1208 1261 concreta
1223 1221 1308 1260 haec

168 1287 249 1312 esse
275 1274 390 1322 dicat,
411 1277 610 1327 interjecto
636 1277 754 1315 inani.
796 1276 958 1315 Somnia
982 1286 1109 1315 censet
1126 1275 1210 1315 haec
1227 1289 1309 1316 esse

168 1327 396 1377 Democriti,
427 1344 505 1370 non
533 1331 718 1380 docentis,
746 1331 812 1370 sed
830 1331 1010 1384 optantis.
1049 1331 1139 1384 Ipse
1157 1339 1305 1378 autem,

167 1383 339 1436 singulas
359 1386 497 1424 mundi
517 1395 644 1438 partes
669 1399 915 1439 persequenS,
943 1385 1136 1439 quidquid
1153 1395 1263 1425 aut
1241 1387 1305 1434 eit,

167 1448 235 1477 aut
255 1439 336 1488 fiat,
364 1442 606 1480 naturalibus
626 1441 707 1480 fieri
727 1450 795 1480 aut
814 1441 961 1480 factum
981 1454 1062 1480 5555
1081 1440 1190 1479 dooet
1207 1453 1306 1494 pon·

166 1493 321 1533 deribus
348 1504 385 1534 et
410 1497 593 1535 motibus.
632 1497 695 1535 Sic
713 1497 779 1535 ille
804 1505 842 1535 et
869 1495 1002 1534 Deum
1028 1508 1144 1548 opere
1161 1508 1306 1549 11153110

165 1548 318 1598 liberat,
348 1560 387 1589 et
411 1564 475 1590 me
501 1552 650 1590 timore.
680 1551 785 1600 Quis
809 1551 913 1590 enim
933 1559 1059 1603 possoet
1077 1554 1186 1593 (cum
1204 1550 1306 1590 exis-

166 1603 279 1643 timet
297 1618 321 1643 a
341 1605 429 1644 Deo
446 1619 485 1645 se
504 1606 646 1653 curari)
667 1619 744 1644 non
764 1614 802 1645 et
821 1606 904 1645 dies
917 1613 955 1645 et
973 1613 1102 1645 noctes
1126 1604 1305 1644 divinum

167 1670 314 1698 numen
341 1660 529 1700 horrere
511 1693 519 1700 .
559 1669 595 1700 et
623 1661 654 1699 si
673 1660 770 1713 quid
789 1660 938 1700 adversi
957 1659 1150 1709 acciderit,
1180 1659 1305 1713 (quod

167 1713 230 1752 cui
258 1726 334 1752 non
361 1716 496 1754 accidit
511 1715 553 1764 Ρ)
574 1716 834 1764 extimescere,
855 1728 905 1754 ne
930 1715 969 1754 id
992 1715 1080 1765 jure
1105 1715 1306 1754 evenerit?

167 1768 254 1807 Nec
280 1771 450 1808 stratoni
477 1780 607 1809 tamen
635 1771 833 1818 assentior,
862 1783 935 1809 nec
951 1782 1041 1809 vero
1059 1769 1145 1809 tibi,
1180 1769 1308 1809 Modo

162 1822 252 1870 hoc,
272 1825 389 1862 modo
409 1825 521 1870 illud,
543 1826 782 1878 probabilius
800 1825 963 1864 videtur.

217 1877 425 1918 XXXIX.
449 1881 591 1919 Latent
604 1881 676 1919 ista
687 1879 832 1922 omnia,
845 1880 1024 1927 Luculle,
1039 1878 1171 1919 crassis
1183 1879 1306 1919 occul-

160 1939 242 1971 tata
255 1942 293 1972 et
311 1934 544 1973 circumfusa
564 1936 743 1983 tenebris,
760 1943 804 1973 ut
818 1935 928 1973 nulla
943 1935 1041 1974 acies
1062 1934 1226 1973 humani
1245 1934 1306 1973 in-

159 1988 265 2038 genii
277 1996 385 2027 tanta
396 1990 458 2035 sit,
469 2004 556 2042 quae
568 1999 767 2042 penetrare
778 1990 818 2028 in
830 1990 985 2036 err-lum,
996 1998 1136 2028 terram
1148 1988 1307 2039 intrare,

159 2043 291 2094 possit.
336 2044 509 2097 Corpora
531 2055 660 2084 nostra
686 2058 763 2084 non
790 2045 996 2084 novimus:
1028 2044 1097 2097 qui
1117 2044 1193 2082 sint
1211 2044 1308 2083 situs

163 2097 350 2149 partium,
372 2113 491 2151 quam
513 2100 593 2138 vim
608 2113 775 2153 qua-que
793 2113 881 2152 pars
895 2099 1077 2148 habeat,
1067 2111 1303 2165 guntamun-

164 2153 304 2205 Itaque
322 2154 492 2194 medici
481 2155 570 2207 ipsi,
591 2168 758 2207 quorum
785 2155 966 2193 intererat
991 2167 1036 2193 55
1060 2166 1101 2192 111
1089 2156 1186 2201 osse,
1214 2166 1308 2206 ape-

162 2217 338 2256 ruerunt,
359 2218 404 2248 ut
424 2209 774 2248 111151501111.Ν55
793 2223 837 2248 eo
855 2217 986 2248 tamen
1005 2209 1114 2248 aiunt
1133 2207 1309 2261 empirici

163 2262 312 2302 notiora
331 2277 410 2305 esse
428 2265 647 2318 1115;111115
664 2265 784 2318 possit
799 2263 896 2314 fieri,
917 2272 961 2304 ut
979 2263 1174 2318 patefacta.
1188 2270 1227 2303 et
1239 2261 1313 2302 do-
