1456 2396
252 71 336 111 AD
364 69 744 120 HERENNIUM,
761 69 861 109 LIB.
878 70 913 109 Ι.
931 68 1036 113 ΟΑΡ.
1056 68 1118 107 13.
1169 68 1245 106 153

130 179 265 230 gitima
281 192 330 219 ex
347 179 577 218 definitione.
607 178 854 221 Vocabulum
872 178 976 217 enim
994 176 1173 215 definitur
1186 175 1246 227 ip-

129 245 230 282 sum,
259 245 348 272 cum
375 233 571 285 quaeritur,
599 232 693 284 quid
721 232 769 271 sit
792 233 965 270 minuere
992 232 1244 280 majestatem.

127 285 194 324 Ex
211 286 453 326 translatione
471 285 722 325 controversia
739 286 919 334 nascitur,
947 297 1037 323 eum
1065 292 1132 322 aut
1149 291 1247 321 tem-

127 353 200 391 pus
230 339 496 389 differendum,
522 347 590 378 aut
619 347 874 378 accusatorem
901 339 1146 386 mutandum,
1177 344 1245 375 aut

125 393 272 442 judices
296 394 514 441 mutandos,
541 407 626 435 reus
655 394 756 432 dicit.
811 394 898 431 Hac
927 401 1033 443 parte
1064 391 1247 430 constitu·
1274 410 1284 414 -

129 447 255 495 tionis,
270 447 395 486 Graeci
412 448 453 485 in
468 448 636 497 judiciis,
651 460 719 486 nos
746 448 787 485 in
802 448 889 497 jure
903 447 1004 485 civili
1016 447 1245 497 plerumque

128 500 285 539 utimur.
333 502 384 539 In
401 502 472 540 hac
489 510 596 553 parte
614 514 682 540 nos
697 501 794 551 juris
814 500 933 539 civilis
959 500 1113 538 scientia
1133 500 1246 548 juva-

127 554 211 593 bit:
240 555 281 592 in
297 555 449 604 judiciis
467 564 595 594 tamen
614 555 790 594 nonnihil
809 556 853 593 ea
878 554 1039 600 utimur,
1065 553 1138 591 hoc
1162 565 1246 590 mo-

126 607 200 648 do:
231 609 272 647 Si
291 609 379 660 quis
396 610 591 661 peculatus
610 617 819 655 accusetur,
840 608 944 660 quod
963 621 1052 646 vasa
1069 614 1247 657 argentea

124 662 279 713 publica
289 663 428 706 deloco
442 664 589 715 privato
601 664 747 702 dicatur
759 663 966 710 sustulisse,
980 661 1096 713 possit
1109 661 1245 708 dicere,

125 728 215 753 cum
233 716 451 755 definitione
470 717 517 755 sit
535 731 640 766 usus,
666 718 760 769 quid
779 718 826 755 sit
844 717 1007 763 furtum,
1025 714 1119 766 quid
1130 727 1246 765 pecu-,-

124 769 225 808 latus
238 784 252 816 3
283 784 411 809 secum
422 771 516 809 furti
527 773 604 823 agi,
619 785 696 810 non
711 772 921 823 peculatus,
934 777 1116 822 oportere.
1147 768 1245 806 Haec

124 824 277 874 partitio
295 825 476 875 legitimae
495 826 772 869 constitutionis
790 826 850 863 his
873 825 920 862 de
939 823 1060 866 causis
1078 835 1162 860 raro
1181 835 1244 860 ve-,

123 877 182 915 nit
199 877 240 915 in
255 879 460 929 judicium,
481 879 585 931 quod
603 880 643 917 in
655 879 804 931 privata
819 879 964 918 actione
978 876 1163 929 praetoriae
1178 888 1244 913 ex-

123 931 312 982 ceptiones
331 940 434 980 sunt,
455 942 493 971 et
511 935 625 972 causa
643 934 744 972 cadit
768 934 814 980 is,
842 933 910 985 qui
935 945 1027 980 non,
1055 929 1241 982 quemad-

121 985 282 1024 modum
311 994 471 1037 oportet,
499 988 640 1038 egerit3
672 996 708 1026 et
726 988 767 1025 in
785 987 949 1038 publicis
968 984 1241 1037 quaestionibus

122 1046 274 1078 cavetur
291 1040 454 1091 legibus,
475 1049 520 1079 ut
538 1049 640 1090 ante,
661 1041 693 1080 si
711 1055 774 1080 reo
793 1040 1040 1079 commodum
1059 1038 1120 1087 sit,
1137 1037 1243 1087 judi-

120 1092 224 1131 cium
256 1093 303 1131 de
330 1102 543 1133 accusatore
570 1096 650 1143 fiat,
680 1102 812 1133 utrum
836 1095 895 1133 illi
919 1094 1028 1132 liceat
1051 1104 1241 1140 accusare,

120 1158 250 1185 necne.

172 1200 300 1243 XIII.
328 1200 394 1240 Ex
408 1203 691 1242 ratiocinatione
710 1203 960 1242 controversia
979 1207 1137 1248 constat,
1154 1212 1243 1238 eum

120 1267 180 1292 res
199 1255 280 1293 sine
298 1257 452 1306 propria
476 1257 560 1307 lege
585 1257 689 1296 venit
713 1258 754 1295 in
776 1257 980 1306 judicium,
1002 1269 1089 1307 quae
1113 1262 1243 1292 tamen

119 1309 169 1346 ab
188 1308 271 1347 aliis
293 1310 441 1361 legibus
461 1311 752 1349 similitudinem
777 1311 988 1362 quamdam
1014 1315 1239 1360 aucupatur.

118 1361 181 1400 Ea
193 1371 248 1401 est
260 1363 506 1413 hujusmodi:
524 1365 610 1409 Lex
625 1372 693 1413 est,
709 1365 751 1403 Si
762 1365 926 1407 furiosus
942 1363 1108 1410 exsistet,
1125 1374 1243 1412 agna-

118 1422 248 1454 torum
266 1418 546 1470 gentiliumque
572 1419 614 1456 in
644 1432 688 1457 eo
712 1419 952 1470 pecuniaque
975 1419 1056 1466 ejus
1078 1423 1242 1468 potestas

117 1477 209 1508 esto.
238 1471 294 1509 Et
314 1472 392 1520 lex,
420 1472 501 1520 Qui
530 1479 728 1523 parentem
756 1473 908 1511 necasse
934 1471 1126 1521 judicatus
1155 1470 1239 1518 erit,

119 1531 164 1562 ut
182 1524 214 1562 is
232 1526 436 1564 obvolutus
455 1534 492 1564 et
511 1527 701 1577 obligatus
721 1527 834 1576 corio,
862 1526 1069 1564 devehatur
1086 1525 1127 1562 in
1153 1537 1242 1574 pro-

119 1577 313 1617 fluentem.
351 1580 406 1618 Et
434 1580 512 1629 lex,
545 1580 825 1618 Paterfamilias
857 1580 915 1618 uti
947 1593 1060 1630 super
1090 1577 1239 1616 familia

118 1633 328 1683 pecuniave
347 1634 417 1672 sua
434 1634 628 1685 legaverit,
648 1635 703 1672 ita
718 1636 782 1684 jus
801 1642 891 1673 esto.
932 1633 988 1671 Et
1004 1634 1083 1678 lex,
1109 1631 1151 1670 Si
1172 1645 1241 1682 pa.-

119 1686 342 1725 terfamilias
374 1688 574 1726 intestatus
605 1689 781 1738 moritur,
819 1688 966 1726 familia
1002 1686 1240 1738 pecuniaque

119 1740 200 1789 ‚ejus
218 1749 445 1792 agnatorum
463 1742 742 1794 gentiliumque
768 1749 858 1780 esto.
906 1741 1115 1780 Malleolus
1133 1739 1239 1789 judi-

119 1802 225 1832 catus
244 1802 300 1833 est
317 1803 480 1834 matrem
499 1796 662 1835 necasse.
703 1796 755 1834 Ei
773 1796 954 1834 damnato
981 1795 1109 1833 statim
1137 1793 1240 1831 folli-

118 1847 206 1888 ,culo
232 1848 366 1899 lupino
392 1862 434 1888 os
455 1851 681 1888 obvolutum
705 1858 773 1899 est,
795 1858 832 1888 et
851 1850 960 1888 soleae
978 1849 1115 1900 ligneae
1132 1847 1240 1898 pedi-

119 1902 192 1939 bus
214 1899 416 1954 [inductae]
433 1911 521 1941 sunt
537 1918 549 1950 3
580 1911 617 1942 et
635 1904 675 1941 in
691 1917 876 1944 carcerem
895 1903 1032 1941 ductus
1051 1910 1116 1940 est.
1160 1901 1242 1948 Qui

117 1954 372 1998 defendebant
391 1970 494 2005 eum,
515 1958 664 1996 tabulas
684 1957 724 1995 in
744 1970 930 1996 carcerem
946 1956 1134 2002 afferunt3
1165 1962 1239 1993 tes-

119 2015 348 2058 tamentum,
377 2010 459 2062 ipso
485 2019 684 2062 praesente,
713 2012 984 2057 conscribunt3
1027 2017 1138 2048 testes
1167 2009 1239 2046 rite

118 2061 334 2103 affuerunt:
364 2064 412 2103 de
429 2065 495 2103 illo
510 2066 741 2116 supplicium
753 2066 869 2117 paulo
883 2072 969 2115 post
983 2063 1147 2102 sumitur
1163 2077 1173 2099 :
1195 2062 1237 2108 ii,

119 2115 187 2166 qui
207 2115 375 2161 haeredes
402 2126 508 2157 erant
530 2126 770 2168 testamento,
794 2118 1052 2161 haereditatem
1082 2116 1236 2158 adeunt.
