1456 2396
125 133 204 171 212
246 130 330 170 AD
350 129 732 181 HERENNIUM,
748 130 848 169 Lm.
864 129 939 170 IV.
955 129 1062 170 CAP.
1077 131 1118 169 3.

128 242 246 287 bent3
276 240 380 292 quod
399 240 493 279 scire
510 251 588 278 non
613 247 787 291 possunt,
806 240 875 278 ubi
893 240 956 288 sit,
975 251 1046 278 nec
1071 238 1166 290 quid
1184 239 1247 286 sit,

129 307 200 333 nec
219 307 297 347 quo
315 294 430 333 modo
447 294 593 333 factum
612 293 674 343 sit,
694 294 735 331 id
747 293 851 355 quod
865 307 928 332 eos
941 293 1112 332 maxime
1125 292 1250 331 delec-

131 356 200 387 tet.
237 349 298 387 At
322 349 370 396 is,
398 349 467 400 qui
498 355 537 387 et
561 347 644 386 haec
669 349 801 386 omnia
825 347 1020 408 intelligit,
1049 354 1088 385 et
1113 346 1252 385 idonea

131 402 304 441 maxime
329 403 450 454 eligit,
470 410 509 441 et
533 401 663 441 omnia
686 402 728 441 in
753 409 833 440 arte
858 402 1030 440 maxime
1053 400 1252 439 scribenda

134 456 303 508 redigit
290 470 332 495 111
351 456 521 508 singulas
538 455 701 495 rationes
724 456 1002 517 praeceptionis,
1022 467 1171 493 necesse
1196 461 1252 492 est

133 512 217 561 ejus
234 510 289 549 rei
314 524 488 549 summus
515 510 651 549 artifex
678 511 737 548 sit.
781 510 903 548 Hoc
894 510 1010 561 igitur
1035 509 1253 546 maximum

134 565 339 603 artificium
369 572 439 614 est,
472 565 513 602 in
545 572 625 603 arte
656 578 725 603 sua
758 577 866 615 posse
899 572 936 602 et
963 563 1096 601 aliems
1124 575 1254 601 exem-

137 619 212 672 plis
231 619 300 657 uti.

192 673 291 712 Haec
317 673 375 711 1111
402 686 492 712 011111
519 673 664 721 dicunt,
691 672 814 723 magis
842 684 911 710 nos
938 671 1160 710 auctoritate
1184 670 1255 708 sua

137 735 394 777 commovent,
407 740 527 789 (1113111
544 727 699 765 veritate
717 726 995 778 disputationis.
1025 725 1133 763 Illud
1151 725 1256 763 enim

137 795 328 834 veremur,
361 794 411 820 ne
442 782 504 820 cui
533 781 623 819 satis
653 781 702 820 sit
731 781 780 819 ad
812 780 1040 819 contrariam
1070 779 1256 817 rationem

138 830 392 888 probandam,
413 835 517 888 quod
535 837 583 873 ab
609 848 655 872 03
678 842 786 886 parte
805 834 975 873 steterint
993 834 1034 881 ii,
1055 833 1124 895 qui
1142 841 1179 871 et
1196 833 1257 870 in-

138 898 311 929 ventorae
328 890 445 940 hujus
462 889 611 928 artificii
624 889 794 937 fuerunt,
811 896 848 927 et
866 895 1052 926 vetustate
1066 888 1149 936 jam
1168 887 1258 925 satis

138 944 320 983 omnibus
337 944 488 996 probati
514 950 614 981 sunt.
645 943 763 990 Quod
789 943 834 990 si,
854 942 1011 980 illorum
1035 941 1259 980 auctoritate

138 998 301 1047 remota,
320 1012 380 1037 rae
397 1011 530 1037 omnes
548 997 675 1035 volent
693 1010 783 1035 cum
807 1010 848 1035 re
866 1009 1097 1047 comparare,
1117 994 1259 1033 intelli-

139 1060 247 1104 gent,
266 1065 344 1091 non
363 1052 494 1090 onmia
511 1064 590 1089 esse
608 1050 847 1089 concedenda
864 1049 1094 1101 antiquitati.

196 1106 280 1144 III.
310 1106 491 1144 Primum
509 1105 639 1156 igitur,
667 1105 771 1156 quod
789 1106 838 1142 ab
857 1104 910 1142 eis
928 1104 976 1141 de
994 1103 1182 1142 modestia
1200 1103 1259 1140 di-

141 1160 254 1209 citur,
285 1159 497 1209 videamus,
528 1171 577 1197 ne
608 1158 775 1196 nimium
806 1158 1001 1209 pueriliter
1033 1158 1259 1208 proferatur.

142 1215 266 1262 Nam,
287 1213 319 1252 si
337 1221 472 1262 tacere,
493 1220 561 1251 aut
578 1212 676 1250 nihil
700 1212 874 1259 scribere,
894 1211 1080 1249 modestia
1098 1218 1166 1260 est,
1194 1224 1262 1249 cur

143 1268 358 1320 quidquam
370 1268 540 1307 scribunt
552 1274 619 1304 aut
629 1267 872 1328 loquuntur?
901 1266 970 1304 Sin
984 1265 1132 1316 aliquid
1146 1278 1261 1303 suum

142 1323 340 1367 scribunt3
371 1335 452 1371 cur,
473 1334 550 1373 quo
569 1321 688 1359 secius
702 1320 833 1359 omnia
850 1320 1029 1367 scribant,
1043 1319 1262 1371 1111Ρο(111111-

143 1385 208 1414 tur
225 1375 444 1415 modestia?
473 1375 597 1424 Quasi
615 1375 646 1413 si
665 1375 750 1436 quis
764 1374 814 1412 ad
828 1373 1105 1425 Olympiacam
1117 1373 1262 1412 venerit

144 1444 315 1479 cursum,
336 1437 373 1468 et
391 1430 548 1479 steterit,
569 1436 613 1467 ut
630 1429 821 1478 mittatur,
840 1428 1158 1480 impudentesque
1176 1427 1262 1466 illos

144 1485 247 1523 dicat
264 1497 356 1533 esse,
382 1484 450 1536 qui
468 1496 617 1523 currere
635 1483 839 1534 coeperint;
869 1483 950 1534 ipse
974 1482 1075 1520 intra
1099 1495 1263 1520 carceres

144 1546 232 1587 stet,
253 1546 291 1576 et
308 1545 436 1576 narret
459 1538 557 1587 aliis,
578 1537 771 1589 quomodo
789 1537 917 1575 Ladas
941 1544 1009 1574 aut
1027 1536 1148 1574 Boius
1173 1549 1263 1574 cum

146 1593 332 1644 Sicyoniis
346 1593 588 1631 cursitarint:
610 1592 663 1630 sic
676 1591 752 1639 isti,
765 1604 855 1630 cum
869 1591 910 1628 in
925 1590 1015 1628 artis
1029 1591 1263 1629 curriculum

146 1646 436 1695 descenderunt,
455 1647 555 1695 illos,
576 1646 644 1697 qui
661 1646 702 1683 in
721 1658 779 1693 eo,
800 1645 905 1697 quod
927 1652 983 1683 est
1000 1644 1164 1692 artificii,
1185 1645 1263 1683 013-

145 1702 297 1750 borent,
318 1701 427 1738 aiunt
444 1701 566 1740 facere
590 1700 841 1745 immodeste3
870 1699 944 1751 ipsi
968 1698 1138 1750 aliquem
1163 1698 1262 1736 anti-

147 1768 274 1806 quum
292 1763 479 1792 oratorem
498 1762 566 1793 aut
578 1758 734 1805 poetam
750 1753 923 1799 laudant,
940 1760 1007 1790 aut
1020 1752 1261 1804 scripturam,

146 1809 202 1847 310
220 1817 265 1847 ut
281 1808 323 1846 in
336 1808 504 1847 stadium
518 1808 608 1847 artis
621 1807 816 1846 rhetoricae
829 1807 979 1859 prodire
993 1819 1069 1844 non
1085 1806 1263 1844 audeant.

149 1862 245 1901 Non
263 1863 387 1901 ausim
406 1862 542 1911 dicere,
563 1862 628 1901 sed
653 1870 782 1900 tamen
808 1874 952 1928 vereor,
971 1872 1033 1908 ne,
1060 1861 1140 1912 qua
1164 1860 1205 1898 in
1223 1873 1265 1899 re

147 1917 305 1956 laudem
322 1916 517 1955 modestiae
535 1924 734 1964 venentur,
753 1915 795 1954 in
813 1915 859 1954 03
875 1914 960 1967 ips‘a
983 1928 1024 1953 re
1042 1915 1118 1952 sint
1134 1914 1265 1965 impu-

148 1971 293 2009 dentes.
334 1972 364 1994 “
383 1970 493 2019 Quid
529 1971 632 2009 enim
663 1970 735 2009 tibi
771 1970 849 2009 vis.
840 1969 886 1997 ν’
923 1968 1062 2020 aliquis
1101 1968 1263 2019 inquiet.

150 2026 182 2048 ‘⁶
201 2025 342 2064 Artem
360 2032 470 2064 tuam
489 2024 644 2064 scribis:
673 2023 799 2076 gignis
822 2023 933 2063 nobis
957 2036 1074 2062 novas
1098 2035 1265 2074 praecep-

149 2079 294 2118 tiones:
325 2092 388 2117 eas
403 2078 486 2130 ipse
504 2079 728 2117 confirmare
755 2090 832 2116 non
856 2084 989 2129 potes.
1020 2078 1069 2115 ab
1094 2075 1178 2114 aliis
1197 2089 1264 2114 ex-

150 2133 296 2195 empla
296 2133 428 2172 sumis.
470 2132 586 2178 Vide,
617 2145 666 2171 ne
689 2132 804 2170 facias
827 2131 1083 2183 impudenter,
1104 2129 1171 2181 qui
1197 2137 1265 2168 tuo

150 2187 300 2225 nomini
330 2187 423 2226 velis
451 2200 506 2226 ex
529 2186 692 2225 aliorum
724 2186 918 2224 laboribus
945 2185 1065 2223 libare
1094 2183 1263 2222 laudem.

151 2241 274 2293 Nam,
293 2241 325 2282 si
343 2253 476 2282 eorum
494 2241 692 2281 volumina
715 2240 983 2293 prehenderint
1007 2238 1156 2291 antiqui
1180 2250 1264 2278 ora-
