1456 2396
283 73 365 115 DE
394 72 1262 123 FINIBUS‚L11³.11.CA1›.19.401

127 184 297 237 effigiem
314 192 353 223 et
365 182 619 223 humanitatis
637 190 676 222 et
688 182 889 235 probitatis
908 195 1002 232 suae,
1018 182 1161 246 filium,
1176 190 1263 223 tum

127 239 278 288 doctus,
310 246 397 278 tum
425 238 605 277 omnium
637 237 696 276 vir
731 238 916 290 optimus,
950 245 989 276 et
1010 238 1261 287 justissimus,

127 306 218 332 cum
239 293 350 333 sciret
367 305 497 339 nemo,
529 305 620 330 eum
650 300 830 343 rogatum
852 305 876 330 a
901 291 948 331 C.
965 292 1109 340 Plotio,
1133 293 1263 344 equite

128 348 311 387 Romano
323 321 539 399 splendido,
554 347 741 408 NursinO,
753 347 856 385 ultro
867 346 916 385 ad
927 346 1129 385 mulierem
1141 347 1261 396 venit,

124 401 239 454 eique
261 401 546 453 nihilopinanti
561 401 633 439 viri
650 401 880 440 mandatum
898 400 1108 453 exposuit,
1139 401 1262 440 haere-

124 456 366 509 ditatemque
383 455 561 494 reddidit.
590 455 667 494 Sed
686 468 758 506 ego
772 469 821 494 ex
839 463 877 494 te
890 468 1036 507 quaero,
1054 456 1260 508 (quoniam

124 511 230 550 idem
249 520 291 551 tu
319 518 420 550 certe
437 508 607 559 fecisses)
632 522 759 548 nonne
784 510 980 561 intelligis,
1002 523 1046 549 eo
1070 512 1258 560 majorem

125 566 206 605 vim
232 579 313 605 oese
333 573 496 613 naturae,
525 564 668 617 quod
657 564 731 616 1psi
757 577 836 610 vos,
862 565 930 615 qui
952 565 1083 603 omnia
1104 565 1154 604 ad
1173 579 1258 604 ves-

124 626 231 659 trum
250 620 515 668 commodum,
536 627 574 658 et
600 620 664 672 (ut
687 619 761 671 ipsi
780 617 922 668 dicitis)
949 619 999 657 ad
1018 619 1257 671 voluptatem

123 674 311 723 referatis,
338 684 471 713 tamen
496 687 542 713 ae
568 673 731 721 faciatis,
751 686 773 712 e
798 673 940 725 quibus
960 684 1156 725 appareat,
1176 686 1256 713 non

121 729 363 782 voluptatem
378 742 458 778 vos,
479 728 546 768 sed
558 728 744 775 officium,
760 727 900 779 sequi.
930 728 971 779 pl
973 741 1095 780 usque
1109 738 1254 768 rectam

121 792 317 833 namram,
339 797 459 846 quam
477 791 666 822 ranonem
683 795 860 834 pravam,
877 782 1033 821 valere?

176 839 220 879 Si
249 839 390 887 scieris,
410 838 540 891 inquit
566 836 795 885 Carneades,
823 836 994 887 aspidem
1021 837 1168 876 occulte
1196 838 1254 876 la-

121 901 201 933 tere
231 894 402 946 uspiam,
436 901 474 932 et
496 892 594 931 velle
623 892 793 944 aliquem
822 891 1109 942 imprudentem
1138 905 1253 944 super

120 961 207 987 eam
226 949 406 995 assidere,
434 949 544 998 cujus
562 959 666 985 mors
686 947 756 984 tibi
776 946 1083 984 emolumentum
1103 946 1253 986 factura

119 1003 197 1049 sit3
227 1003 403 1056 improbe
421 1002 567 1050 feceris,
584 1001 657 1040 nisi
668 1001 880 1049 monueris,
900 1013 948 1039 ne
967 1000 1154 1046 assideat;
1187 1002 1253 1040 sed

119 1057 282 1110 impune
293 1066 422 1097 tamen
439 1071 452 1103 ς
482 1059 595 1096 scisse
607 1056 711 1095 enim
727 1065 764 1094 te
779 1056 866 1107 quis
881 1068 1084 1106 coarguere
1098 1056 1217 1107 possit
1232 1059 1251 1096 ?

118 1112 197 1152 Sed
210 1113 327 1152 nimis
338 1113 475 1151 multa.
506 1111 762 1164 Perspicuum
777 1119 833 1149 est
852 1110 969 1157 enim,
985 1110 1058 1148 nisi
1074 1111 1249 1162 aequitas‚

116 1166 226 1216 fidoe,
256 1167 421 1218 justitia,
452 1167 740 1220 proficiscantur
767 1179 790 1204 a
817 1166 970 1213 natura,
998 1174 1036 1203 et
1061 1165 1093 1203 si
1118 1166 1250 1205 omnia

116 1221 200 1261 haec
218 1222 268 1261 ad
278 1222 487 1261 utilitatem
498 1221 725 1264 referantur,
740 1220 866 1258 virum
882 1221 1029 1258 bonum
1048 1232 1125 1258 non
1140 1233 1251 1271 posse

116 1277 285 1329 reperiri.
314 1276 456 1330 Deque
485 1277 545 1315 his
573 1278 688 1315 rebus
711 1275 800 1314 satis
829 1275 956 1313 multa
975 1275 1016 1312 in
1042 1275 1181 1314 nostn's
1200 1275 1249 1314 de

116 1331 337 1384 Republica
355 1332 463 1371 libris
482 1339 573 1370 sunt
591 1331 691 1370 dicta
709 1343 732 1368 a
751 1330 885 1368 Laelio.

170 1387 294 1426 XIX.
322 1387 510 1426 Transfer
536 1386 640 1425 idem
672 1384 722 1424 ad
747 1385 989 1432 modestiam,
1018 1384 1080 1422 vel
1098 1392 1247 1437 tempe-

114 1441 298 1490 rantiam,
318 1455 408 1494 quae
421 1449 478 1480 est
491 1441 701 1480 moderatio
714 1440 985 1501 cupiditatum,
1006 1438 1145 1478 rationi
1157 1441 1248 1478 obe-

114 1496 236 1536 diens.
266 1497 416 1537 Satisne
430 1509 520 1548 ergo
534 1495 673 1548 pudori
687 1495 874 1543 consulat,
896 1495 927 1533 si
945 1494 1033 1546 quis
1051 1494 1133 1532 sine
1151 1502 1248 1533 teste

113 1551 267 1590 libidini
286 1559 444 1604 parfflt.
434 1554 451 1579 '³
483 1563 533 1590 an
553 1561 609 1589 est
620 1549 768 1612 aliquid
787 1563 854 1602 per
874 1562 914 1588 se
932 1549 1062 1600 ipsum
1080 1549 1248 1600 flagitio-

114 1619 217 1654 sum,
238 1607 353 1646 etiam
375 1607 408 1645 si
427 1607 537 1645 nulla
555 1606 757 1644 comitetur
775 1604 964 1643 infamia
953 1606 971 1631 ⁹
1001 1603 1112 1651 Quid
1130 1603 1248 1643 fortes

112 1661 212 1701 viri.
202 1664 220 1690 ⁹
250 1662 547 1714 voluptatumne
574 1660 730 1700 calculis
757 1659 968 1706 subductis,
988 1658 1199 1710 proelium
1187 1671 1249 1697 in-

114 1724 223 1764 eunt,
244 1717 473 1769 sanguinem
495 1729 566 1768 pro
584 1716 711 1768 patria
728 1714 985 1767 profundunt,
1006 1726 1057 1751 an
1075 1713 1248 1765 quodam

114 1771 236 1810 animi
266 1772 401 1811 ardore
425 1779 541 1824 atque
577 1771 726 1823 impetu
756 1769 964 1808 concitati?
994 1769 1140 1808 Utrum
1161 1776 1248 1806 tan-

114 1825 205 1865 dem
230 1839 373 1875 censes,
404 1826 618 1879 Torquate,
642 1825 901 1878 Imperiosum
918 1823 1047 1870 illum,
1067 1822 1100 1861 si
1118 1830 1249 1861 nostra

114 1882 233 1920 verba
250 1881 414 1931 audiret,
434 1889 595 1920 tuamne
613 1880 662 1920 de
687 1893 726 1919 se
744 1879 956 1919 orationem
975 1878 1158 1916 libentius
1178 1890 1249 1915 au-

115 1934 292 1975 diturum
319 1936 450 1985 fuisse,
482 1949 533 1975 an
551 1948 711 1981 meam;
741 1947 832 1974 cum
851 1947 922 1986 ego
941 1933 1123 1980 dicerem,
1149 1931 1250 1970 nihil

114 2002 207 2029 eum
224 1990 357 2030 fecisse
375 2005 447 2030 sua
464 2004 591 2038 causa,
608 1991 818 2042 omniaque
836 1988 1071 2042 reipublicae,
1084 1994 1144 2034 tu,
1158 1999 1250 2026 con-

115 2045 324 2095 tra‚nihil,
337 2046 411 2085 11151
423 2060 494 2085 sua
502 2045 522 2083 ’ἒ
551 2046 595 2086 Si
608 2058 697 2085 vero
709 2045 752 2083 id
764 2045 880 2084 etiam
895 2043 1103 2104 explanare
1116 2041 1249 2089 velles,

115 2100 364 2153 apertiusque
381 2100 539 2147 diceros,
551 2101 652 2139 nihil
671 2113 762 2139 eum
780 2099 928 2147 fecisse,
947 2098 1022 2136 nisi
1041 2096 1252 2148 voluptatis

115 2167 245 2204 musa,
266 2169 345 2208 quo
363 2155 481 2195 modo
499 2168 591 2195 eum
616 2155 774 2194 tandem
793 2155 967 2193 laturum
985 2152 1103 2192 fuisse
1121 2150 1254 2191 existi-

115 2212 235 2249 mes?

851 2264 981 2302 3³13
