1466 2458
214 145 265 184 12
529 146 792 198 ORATOR,
823 147 930 188 οη.
957 148 1019 187 υ.

211 253 365 294 doceret
390 268 468 305 eos,
496 257 564 310 qui
589 258 731 310 partim
757 258 798 296 in
824 258 1000 308 dicendo,
1027 258 1170 310 partim
1188 257 1229 295 in
1249 254 1341 296 scri-

211 309 354 359 bendo,
375 311 565 364 principes
584 313 826 361 exstiterunt,
847 313 987 352 domus
1005 314 1089 364 ejus
1102 312 1255 352 officina
1272 311 1343 350 ha.

213 365 296 404 bita
321 365 550 418 eloquentiae
575 374 642 406 est.
684 367 838 420 Itaque,
866 376 911 406 ut
937 381 1022 420 ego,
1049 380 1139 406 cum
1165 381 1189 406 a
1213 374 1343 404 nostro

213 419 363 459 Catone
381 421 581 471 laudabar,
602 423 661 461 vel
689 422 914 475 reprehendi
938 435 1002 461 me
1027 435 1050 460 a
1068 422 1213 461 metetis
1230 420 1343 459 facile

212 474 414 525 patiebar;
444 476 497 514 sic
524 477 709 516 Isocrates
739 477 891 516 videtur
920 477 1138 517 testimonio
1169 474 1343 515 Platonis

213 529 379 568 aliorum
406 530 553 580 judicia
577 531 715 571 debere
744 540 998 571 contemnere.
1046 531 1120 570 Est
1150 531 1254 571 enim
1281 532 1344 572 (ut

213 583 303 632 scis)
322 585 433 636 quasi
451 585 492 624 in
511 587 685 625 extrema
702 586 846 639 pagina
866 587 1022 625 Phaedri
1036 586 1097 625 his
1110 586 1203 638 ipsis
1216 584 1344 624 verbis

213 638 376 690 loquens
395 640 591 680 Socrates:
615 644 644 664 “
657 641 894 680 Adolescens
909 642 1024 680 etiam
1040 653 1158 689 nunc,
1187 653 1213 680 ο
1228 639 1343 678 Phae-

213 692 297 739 dre,
315 693 501 734 Isocrates
527 703 610 742 θεῖς
639 696 719 743 sed,
748 696 844 749 quid
871 696 919 735 de
938 696 1006 734 illo
1024 708 1205 748 augurer,
1234 694 1344 733 lubet

213 747 351 787 dicere.
381 748 491 797 Quid
509 750 666 790 tandem
681 753 699 790 ?
727 750 855 804 inquit
870 751 947 789 ine.
978 750 1134 801 Majore
1158 749 1257 789 mihi
1280 748 1342 788 in-

212 802 326 853 genio
345 803 496 843 videtur
515 818 608 853 esse,
629 818 749 858 quam
776 814 820 844 ut
839 818 929 844 cum
948 804 1186 844 orationibus
1212 803 1343 856 Lysiae

211 866 466 909 comparetur.
490 866 494 868 ’
516 860 706 899 Praeterea
732 860 782 898 ad
808 860 990 899 virtutem
1017 860 1143 910 major
1166 858 1341 902 indoles:

210 919 256 950 ut
274 912 436 952 minime
450 914 595 953 mirum
609 914 787 954 futurum
807 915 870 961 sit,
891 915 937 962 si,
959 927 1047 953 cum
1063 921 1174 953 aetate
1191 925 1341 966 proces-

210 967 315 1016 serit,
342 975 411 1006 aut
433 968 475 1006 in
494 969 567 1008 hoc
585 969 804 1009 orationum
822 982 974 1021 genere,
995 968 1058 1008 cui
1075 981 1179 1008 nunc
1198 967 1341 1014 studet,

210 1028 380 1071 tantum,
407 1031 599 1075 quantum
625 1025 768 1076 pueris,
797 1024 954 1077 reliquis
972 1031 1126 1076 praestet
1144 1022 1340 1071 omnibus,

209 1076 280 1128 qui
298 1089 475 1130 unquam
493 1079 682 1118 orationes
706 1079 942 1131 attigerunt;
972 1087 1055 1127 aut,
1083 1079 1115 1117 si
1141 1085 1343 1118 contentus

209 1130 271 1169 his
283 1143 361 1170 non
374 1131 504 1181 fuerit,
525 1132 656 1173 divino
671 1134 802 1186 aliquo
821 1134 941 1172 animi
960 1141 1069 1173 motu
1089 1134 1239 1184 majora
1252 1145 1344 1172 con-

210 1186 392 1238 cupiscat.
442 1188 549 1227 Inest
575 1189 680 1227 enim
710 1189 850 1227 natura
878 1187 1123 1241 philosophia
1152 1188 1193 1227 in
1223 1187 1343 1238 hujus

211 1239 283 1278 viri
301 1250 434 1281 mente
451 1243 674 1295 quaedam.”
715 1243 814 1283 Haec
839 1243 887 1282 de
912 1243 1150 1282 adolescente
1169 1243 1342 1282 Socrates

210 1304 434 1347 auguratur.
474 1298 534 1336 At
561 1311 605 1337 ea
623 1298 671 1337 de
691 1298 837 1338 seniore
856 1298 986 1337 scribit
1006 1298 1134 1348 Plato,
1155 1305 1193 1336 et
1211 1296 1341 1336 scribit

208 1351 382 1402 aequalis,
412 1359 450 1390 et
480 1352 639 1404 quidem
673 1354 885 1405 exagitator
916 1353 1092 1392 omnium
1127 1352 1338 1391 rhetorum.

209 1404 331 1444 Hunc
349 1406 513 1446 miratur
530 1420 668 1446 unum.
698 1407 771 1447 Me
785 1417 930 1455 autem,
951 1408 1020 1460 qui
1037 1408 1245 1448 Isocratem
1260 1419 1337 1445 non

207 1459 392 1512 dilig-unt,
408 1462 489 1501 una
503 1475 593 1501 cum
613 1463 768 1504 Socrate
782 1471 820 1502 et
838 1476 928 1502 cum
950 1463 1113 1502 Platone
1132 1475 1256 1502 errare
1269 1474 1338 1515 pa-

206 1514 365 1554 tiantur.

262 1569 390 1610 Dulce
414 1571 533 1624 igitur
562 1574 743 1613 orationis
768 1586 905 1626 geum,
937 1581 974 1614 et
1004 1573 1192 1620 solutum,
1219 1578 1258 1611 et
1281 1571 1338 1611 ef·

207 1623 346 1674 fluens,
366 1627 562 1666 sententiis
587 1637 785 1680 argutum,
806 1629 930 1668 verbis
956 1640 1110 1674 sonans,
1131 1634 1189 1667 est
1210 1626 1251 1665 in
1270 1627 1339 1665 illo

207 1679 409 1732 epidictico
433 1694 585 1733 genere,
607 1683 711 1736 quod
730 1683 902 1722 diximus
919 1683 1121 1736 proprium
1147 1681 1338 1734 sophista-

205 1747 322 1781 rum;
351 1749 519 1789 pompae,
551 1751 671 1789 quam
702 1751 847 1791 pugnae
873 1739 1028 1791 aptius3
1056 1736 1270 1790 gymnasiis
1299 1744 1337 1775 et

204 1790 392 1841 palaestrae
416 1791 613 1838 dicatum;
645 1801 818 1845 spretum
847 1800 886 1832 et
916 1793 1076 1846 pulsum
1104 1792 1199 1831 foro.
1242 1790 1335 1838 Sed,

205 1844 312 1897 quod
336 1845 498 1885 educata
525 1846 644 1897 hujus
670 1848 915 1887 nutrimentis
941 1846 1174 1900 eloquentia,
1194 1846 1279 1899 ipsa
1296 1858 1337 1884 se

205 1907 337 1951 postea
362 1901 505 1939 colorat
531 1909 568 1940 et
593 1904 759 1950 roborat,
788 1915 866 1942 non
894 1903 1067 1942 alienum
1091 1901 1167 1941 fuit
1184 1901 1234 1940 de
1250 1913 1336 1939 ora-

206 1955 298 1993 toris
316 1955 427 2007 quasi
441 1955 686 1996 incunabulis
700 1957 836 1996 dicere.
866 1957 1018 1996 Verum
1033 1957 1130 2004 haec,
1150 1955 1334 1994 ludorum

204 2017 322 2062 atque
352 2022 530 2062 pompae:
562 2023 632 2050 nos
649 2019 780 2051 autem
796 2013 880 2062 jam
904 2012 947 2051 in
972 2012 1094 2052 aciem
1119 2009 1335 2050 dimicatio-

204 2077 374 2116 nemque
392 2065 679 2105 descendamus.

258 2119 380 2158 XIV.
410 2119 610 2169 Quoniam
635 2121 709 2160 tria
738 2121 903 2161 videnda
933 2128 1024 2161 sunt
1053 2119 1208 2168 oratori,
1237 2118 1334 2172 quid

202 2173 318 2221 dicat,
348 2181 386 2213 et
411 2187 490 2227 quo
508 2174 680 2228 quidque
698 2176 796 2225 loco,
817 2185 854 2215 et
874 2175 1095 2229 quomodog
1124 2173 1332 2213 dioendum

202 2229 361 2267 omnino
387 2238 457 2277 est,
483 2229 580 2282 quid
606 2230 655 2268 sit
681 2230 874 2283 optimum
901 2231 939 2269 in
967 2229 1145 2283 singulis,
1172 2228 1239 2268 sed
1261 2227 1333 2266 ali·

201 2291 348 2333 quanto
363 2296 484 2333 εοεαε,
497 2293 615 2337 atque
630 2285 668 2324 in
685 2285 870 2326 tradenda
886 2295 966 2326 arte
980 2285 1055 2326 dici
1070 2284 1178 2324 solet.
1209 2282 1335 2322 Nulla
