1466 2458
155 90 205 129 ιο
469 55 734 139 onnon,
765 89 874 130 cu».
901 90 963 129 12.

154 200 295 240 timens
309 198 466 239 inimica
479 201 628 251 virtuti,
647 201 721 240 nisi
741 200 812 240 tibi
830 199 1016 249 hortanti,
1037 204 1075 238 et
1088 197 1194 237 illius
1206 206 1301 236 me··

155 255 322 293 moriam
348 255 447 294 mihi
465 268 593 294 caram
612 256 810 306 excitanti,
831 267 911 295 non
929 266 1064 307 parere
1080 253 1190 292 nefas
1209 264 1291 291 esse

156 309 379 348 duxissem:
410 309 477 350 sed
495 310 687 361 testificor,
707 324 786 359 me,
807 324 830 350 a
848 319 886 350 te
905 317 1101 361 rogatum,
1126 314 1165 346 et
1182 319 1292 345 recu·

159 373 324 414 sautem,
351 365 433 404 haec
459 366 621 406 scribere
647 379 727 405 esse
753 379 905 404 ausum.
946 364 1050 403 Volo
1069 363 1174 402 enim
1192 360 1292 400 mihi

158 427 287 458 tecum
303 433 510 459 commune
524 434 604 460 esse
622 422 783 468 crimen,
804 428 862 469 ut,
884 420 915 459 si
935 419 1121 458 sustinere
1141 423 1292 455 tantam

160 474 413 526 quaestionem
433 488 511 514 non
536 485 711 528 potuero,
738 475 873 527 injusti
892 474 1017 514 oneris
1034 470 1207 525 impositi
1225 478 1295 532 tua

161 529 277 582 culpa
303 530 365 579 sit,
392 543 480 570 mea
504 531 673 583 recepti:
704 532 745 570 in
771 544 850 583 quo
869 538 1000 569 tamen
1016 527 1154 579 judicii
1172 533 1294 566 noem

164 596 332 623 errorem
350 585 436 624 laus
455 585 527 624 tibi
546 585 627 624 dati
646 586 818 625 muneris
838 583 1113 637 compensabit.

217 639 297 678 XI.
328 639 405 679 Sed
431 640 472 679 in
506 640 614 679 omni
645 655 686 680 re
715 640 990 680 difficillimum
1023 645 1094 685 eet,
1126 636 1296 676 formam

164 696 477 747 (quaexaqoeurng
489 696 624 735 Graece
637 696 795 744 dicitur)
810 707 1001 748 exponere
1014 692 1175 745 optimi;
1192 690 1298 744 quod

163 749 272 787 aliud
297 749 383 788 aliis
415 750 567 790 videtur
595 751 802 804 optimum.
846 750 978 789 Ennio
1005 748 1186 796 delector,
1226 745 1299 790 (ait

166 804 380 857 quispiam)
407 805 512 857 quod
539 818 616 845 non
648 806 807 846 discedit
826 818 850 844 a
868 803 1067 845 communi
1086 814 1195 841 more
1213 813 1299 839 ver·

164 860 330 899 borum:
363 859 549 909 Pacuvio,
581 861 711 914 inquit
744 862 868 907 alius;
898 872 1032 899 omnes
1060 856 1166 910 apud
1193 855 1301 895 hunc

165 914 307 964 ornati,
336 914 598 968 elaboratique
625 924 716 955 sunt
744 929 898 955 versus:
929 914 1056 953 multa
1081 910 1187 965 apud
1205 910 1303 950 alte-

165 980 255 1007 rum
275 969 544 1021 negligentius.
576 971 656 1010 Fac
675 971 796 1010 alium
812 970 950 1009 Attio:
973 969 1079 1008 varia
1092 967 1197 1006 enim
1211 973 1304 1005 sunt

162 1023 326 1074 judicia,
361 1032 406 1062 ut
437 1025 479 1063 in
509 1025 680 1073 Graecis;
711 1039 782 1064 nec
814 1025 936 1064 facilis
964 1022 1185 1076 explicatio,
1214 1033 1306 1074 que

167 1078 295 1117 forma
323 1079 497 1118 maxime
527 1081 701 1120 excellat.
743 1080 792 1119 In
823 1079 983 1133 picturis
1008 1078 1104 1117 alios
1131 1075 1302 1125 horrida,

168 1133 329 1183 inculta,
357 1133 503 1182 abdita,
532 1143 569 1173 et
587 1149 733 1188 opaca;
763 1143 910 1183 contra,
931 1134 1025 1173 alios
1044 1132 1181 1180 nitida,
1199 1130 1304 1179 lan,

168 1188 404 1237 collustrata,
434 1188 637 1229 delectant.
683 1190 793 1240 Quid
822 1198 892 1239 est,
927 1202 1007 1242 quo
1035 1187 1305 1240 praecriptum

169 1243 342 1296 aliquod,
363 1251 430 1282 aut
448 1244 659 1284 fommlam
679 1245 888 1298 exprimas,
917 1257 1006 1284 cum
1027 1243 1066 1281 in
1091 1255 1161 1281 suo
1181 1240 1306 1294 quod·

170 1311 248 1350 que
272 1310 411 1350 genere
428 1307 596 1351 praestet,
617 1308 654 1339 et
672 1314 815 1352 genera
833 1300 947 1352 plura
966 1298 1074 1337 sint?
1125 1296 1214 1336 Hac
1233 1307 1306 1347 ego

171 1353 357 1405 religione
381 1365 459 1392 non
487 1367 574 1393 sum
602 1357 650 1394 ab
681 1355 754 1394 hoc
784 1362 924 1395 conatu
943 1353 1146 1406 repulsus:
1177 1349 1310 1390 existi-

172 1407 371 1460 mavique,
403 1409 443 1447 in
470 1410 652 1449 omnibus
677 1412 792 1449 rebus
820 1423 900 1449 esse
925 1407 1075 1461 aliquid
1097 1406 1309 1460 optimum,

173 1462 325 1502 etiamsi
342 1463 503 1510 lateret3
534 1464 653 1518 idque
672 1466 722 1504 ab
742 1478 787 1505 eo
805 1477 931 1518 posse,
951 1463 1022 1516 qui
1040 1463 1124 1513 ejus
1139 1461 1194 1500 rei
1212 1473 1310 1514 gna·

173 1529 239 1556 rus
259 1525 369 1567 esset,
386 1518 563 1568 judicari.

229 1572 321 1621 Sed,
337 1574 522 1625 quoniam
542 1575 656 1627 plura
670 1581 762 1614 sunt
774 1574 995 1614 orationum
1013 1584 1169 1624 genera,
1189 1582 1314 1623 eaque

173 1626 337 1677 diversa,
357 1640 485 1681 neque
499 1629 540 1667 in
561 1642 681 1668 unam
700 1630 869 1669 formam
884 1628 1029 1668 cadunt
1047 1625 1206 1672 omnin
1226 1625 1313 1663 hu-

174 1681 394 1731 dationum,
407 1683 646 1733 suasionum,
663 1691 700 1723 et
714 1684 979 1732 historiarum,
991 1690 1030 1722 et
1041 1681 1180 1721 talium
1195 1679 1315 1732 scrip-

176 1737 344 1786 tionum,
365 1738 522 1791 qualem
544 1738 730 1779 Isocrates
744 1739 834 1779 fecit
854 1736 1158 1791 Panegyricum,
1177 1734 1315 1774 multi-

178 1804 255 1844 que
274 1792 355 1842 alii,
371 1792 440 1845 qui
460 1801 550 1832 sunt
569 1794 759 1833 nominati
782 1794 977 1856 sophistae,
997 1792 1317 1844 reliquarumque

178 1859 326 1897 rerum,
355 1861 445 1900 quae
464 1849 605 1887 absunt
631 1851 680 1888 ab
703 1849 845 1888 forens¹
870 1848 1129 1894 contentione,
1155 1845 1318 1897 ejusque

178 1901 299 1941 totius
325 1902 489 1954 generis,
518 1904 623 1956 quod
644 1905 779 1944 Graece
810 1903 1048 1942 επιδεικτικον
1074 1899 1316 1946 nominatur,

179 1956 301 2009 quod,
335 1957 447 2010 quasi
476 1958 525 1996 ad
555 1958 855 2012 inspiciendum,
889 1955 1154 1996 delectationis
1186 1954 1318 2002 causa,

180 2020 449 2064 comparatum
477 2021 548 2059 est,
576 2013 742 2053 formam
770 2025 848 2052 non
876 2012 1111 2065 complectar
1127 2009 1202 2049 hoc
1219 2016 1320 2048 tem·

179 2078 299 2118 poreg
329 2079 408 2106 non
435 2080 514 2120 quo
540 2069 772 2121 negligenda
797 2068 874 2114 sit;
904 2075 961 2106 est
987 2066 1093 2106 enim
1119 2065 1190 2103 illa
1206 2062 1319 2116 quusi

183 2122 317 2160 nutrix
337 2122 421 2172 ejus
439 2123 612 2169 oratoris,
634 2137 752 2176 quem
771 2122 981 2162 informare
999 2122 1196 2169 volumus,
1215 2125 1255 2158 et
1272 2117 1322 2157 de

183 2188 262 2228 quo
279 2176 467 2216 molimur
486 2177 635 2230 aliquid
655 2177 887 2231 exquisitius
905 2177 1043 2216 dicere.

242 2230 346 2270 XII.
375 2232 445 2272 Ab
463 2232 537 2272 hae
555 2240 593 2273 et
618 2235 823 2273 verborum
843 2232 954 2284 copia
970 2231 1104 2279 alitur,
1124 2236 1163 2268 et
1188 2239 1323 2268 eorum
