1456 2396
245 85 422 128 ORAT.
453 85 869 138 PARTITIONES,
899 87 1005 129 CAP.
1025 89 1091 135 37.
1158 90 1229 129 131

103 197 364 251 exemplisque
385 209 533 245 eorum,
558 196 627 248 qui
651 196 706 235 ita
726 196 845 236 locuti
870 206 973 247 sunt,
998 211 1108 238 suam
1133 198 1229 238 defi-

102 254 287 292 nitionem
306 252 609 303 sententiamque
627 251 836 290 confirmet.
866 253 1002 305 Atque
1021 254 1229 293 accusatori

99 309 141 346 in
158 309 232 347 hoc
249 318 386 358 genere
404 318 605 344 causarum
624 307 730 344 locus
745 307 810 345 ille
825 309 1054 357 communis,
1067 309 1230 347 minime

99 376 178 402 0550
197 359 496 422 concedendum,
520 367 565 397 ut
583 360 629 409 is,
651 361 719 412 qui
738 361 785 398 de
804 374 844 399 re
863 362 1100 410 confiteatur,
1122 363 1229 402 verbi

99 430 139 457 50
166 414 475 476 interpretatione
504 414 708 453 defendat:
746 415 920 455 defensor
947 426 1076 456 autem
1103 426 1141 456 et
1166 432 1226 466 03,

97 484 216 524 quam
234 469 429 522 proposui,
451 469 631 521 aequitate
649 469 819 515 nitatu13
851 478 901 519 et,
927 485 970 510 ea
989 485 1078 510 cum
1098 485 1228 511 50011111

96 526 224 574 faciat,
245 537 323 562 non
341 537 395 585 re,
417 523 482 562 sed
501 523 770 575 depravatione
788 525 908 574 verbi,
930 539 968 564 se
987 527 1115 578 urgeri
1134 540 1229 579 que-

95 588 214 620 ratur.
257 579 349 627 Quo
377 578 419 616 in
447 591 585 630 genere
614 591 833 630 percensere
863 580 1001 631 poterit
1026 582 1228 633 plerosque

95 633 313 674 inveniendi
340 633 466 672 locos:
502 645 594 671 nam
625 640 662 671 et
692 633 882 672 similibus
904 643 1048 681 utetur,
1073 643 1109 673 et
1138 648 1227 674 con-

94 690 233 737 trariis,
254 695 291 727 et
305 688 637 749 consequentibus,
654 701 894 740 quamquam
908 697 1082 741 uterque,
1096 697 1226 728 tamen

93 758 194 792 reus,
214 743 288 782 11151
306 743 420 794 plane
435 741 505 780 erit
519 742 685 780 absurda
699 755 826 791 causa,
843 743 1091 795 frequentius.
1121 745 1225 782 Am-

90 797 288 851 plificandi
306 804 435 835 autem
455 810 583 845 031153,
605 810 706 849 quae,
728 806 794 835 aut
814 810 903 836 cum
923 798 1184 850 digredientur
1202 813 1226 837 a

90 867 219 902 causa,
243 852 319 890 dici
345 852 479 899 solent,
507 860 574 889 aut
601 864 690 890 cum
717 854 963 904 perorabunt,
988 853 1069 892 haec
1088 854 1149 891 vel
1176 854 1226 891 ad

90 908 239 955 odium,
260 907 321 945 vel
340 906 389 944 ad
407 905 720 954 misericordiam,
742 907 802 945 vel
825 908 982 945 omnino
1006 908 1055 946 ad
1078 908 1227 946 animos

86 962 265 1013 judicum
283 961 505 1009 movendOS,
527 974 575 998 ex
593 961 653 1009 iis,
675 975 763 1013 quae
785 970 874 1000 sunt
897 970 984 1000 ante
1002 963 1139 1014 posita,
1162 976 1225 1001 su-

89 1024 260 1065 mentur,
281 1016 313 1054 si
331 1015 447 1054 modo
464 1028 594 1054 rerum
617 1016 860 1067 magnitudo,
883 1017 1136 1056 hominumve
1158 1025 1226 1055 aut

89 1071 235 1110 invidia
254 1077 321 1109 3111
339 1070 505 1122 dignitas
524 1070 745 1122 postulabit.

145 1125 375 1164 XXXVII.
396 1127 541 1163 Filius.
564 1125 704 1163 Habeo
715 1125 808 1164 ista:
831 1138 934 1165 nunc
946 1139 1003 1173 ea,
1018 1140 1106 1178 quae
1117 1139 1223 1173 cum,

90 1181 206 1234 quale
236 1180 285 1219 sit
314 1179 530 1232 quidpiam,
562 1179 807 1232 disceptatur,
835 1182 956 1233 quaeri
986 1195 1034 1220 ex
1060 1182 1225 1234 utraque

90 1243 199 1288 parte
228 1235 373 1281 deceat,
405 1234 521 1272 velim
551 1235 698 1273 audire.
746 1237 883 1274 Pater.
917 1235 1159 1275 Confitentur
1183 1237 1223 1274 in

88 1291 162 1330 isto
192 1302 342 1341 genere,
375 1289 443 1341 qui
465 1296 694 1340 arguuntur,
720 1303 758 1328 se
784 1290 825 1328 id
852 1290 983 1329 fecisse
1010 1291 1154 1342 ipsum,
1182 1291 1222 1328 in

89 1358 169 1397 quo
199 1343 552 1396 reprehendantur:
588 1343 667 1391 sed,
700 1345 884 1396 quoniam
911 1346 999 1395 jure
1025 1359 1064 1383 se
1091 1345 1223 1384 fecisse

87 1400 235 1447 dicunt,
252 1398 350 1460 juris
369 1405 424 1436 est
443 1398 568 1437 omnis
587 1398 683 1436 ratio
705 1399 816 1438 nobis
835 1400 1086 1451 explicanda:
1119 1400 1224 1451 quod

87 1453 272 1493 dividitur
301 1453 342 1491 in
373 1452 469 1491 duas
495 1460 634 1514 partes·
644 1453 802 1515 primas,
827 1462 1006 1493 naturam
1030 1463 1146 1506 atque
1168 1455 1224 1493 le-

86 1521 201 1561 gem:
233 1515 270 1546 et
288 1506 488 1559 utriusque
507 1507 655 1558 generis
675 1508 731 1546 vis
753 1508 794 1546 in
817 1509 994 1548 divinum
1021 1517 1058 1547 et
1083 1509 1223 1547 huma-

86 1575 183 1602 num
200 1563 264 1612 jus
283 1570 339 1601 est
358 1562 583 1608 distributa3
609 1575 775 1613 quorum
796 1562 986 1626 aequitatis
1006 1571 1061 1602 est
1080 1576 1221 1612 unum,

85 1619 252 1656 alterum
270 1616 475 1668 religionis.
509 1617 723 1669 AEquitatis
746 1625 876 1656 autem
897 1618 954 1657 vis
973 1626 1029 1657 est
1047 1618 1220 1669 duplex:

85 1674 196 1722 cujus
219 1672 338 1710 altera
359 1670 507 1718 directi,
537 1679 574 1710 et
597 1671 690 1719 veri,
715 1679 753 1710 et
776 1673 886 1722 justi,
918 1681 969 1721 et,
999 1681 1043 1710 ut
1066 1673 1221 1722 dicitur,

83 1727 186 1779 aequi
203 1733 242 1765 et
261 1726 368 1774 boni,
392 1726 538 1764 ratione
560 1725 804 1773 defenditur3
826 1728 944 1766 altera
963 1727 1013 1766 ad
1036 1727 1224 1765 vicissitu-

83 1782 216 1821 dinem
233 1780 442 1820 referendae
461 1780 594 1832 gratiae
611 1781 803 1832 pertinet;
833 1782 939 1834 quod
961 1782 1002 1820 in
1024 1781 1223 1830 beneficio,

83 1836 227 1889 gratia:
251 1835 293 1873 in
310 1834 468 1885 injuria,
489 1835 586 1874 ultio
604 1836 837 1874 nominatur.
867 1837 1004 1889 Atque
1017 1837 1099 1875 haec
1119 1849 1225 1875 com-

83 1890 221 1930 munia
239 1896 329 1928 sunt
346 1897 495 1928 naturae
514 1897 631 1942 atque
649 1890 744 1942 legis
759 1905 769 1929 :
801 1891 867 1929 sed
885 1891 1041 1943 propria
1065 1891 1161 1942 legis
1186 1898 1224 1929 et

62 1991 64 1994 .
86 1959 146 1994 ea,
167 1958 254 1997 quae
272 1945 413 1996 scripta
431 1951 534 1993 sunt,
556 1952 594 1983 et
613 1957 671 1992 ea,
693 1958 782 1997 quae
801 1945 881 1984 sine
895 1946 1030 1995 literis,
1047 1953 1115 1984 aut
1129 1958 1224 1997 gen-

85 2000 187 2039 tium
201 2000 303 2050 jure,
324 2006 392 2038 aut
416 2000 611 2049 majorum
639 2011 762 2049 more,
787 2000 1013 2039 retinentur.
1055 2000 1224 2051 Scripto-

85 2068 175 2094 rum
208 2060 339 2092 autem
371 2053 568 2105 privatum
601 2053 709 2092 aliud
742 2061 812 2103 est,
846 2055 1051 2107 publicum
1084 2054 1191 2092 aliud
1209 2068 1220 2091 :

84 2109 302 2162 publicum,
317 2108 396 2157 lex,
413 2108 820 2161 senatus-consultum,
837 2109 983 2155 foedus:
1009 2108 1220 2161 privatum,

83 2165 240 2214 tabulae,
264 2169 422 2217 pactum
443 2169 690 2213 conventum,
714 2163 922 2217 stipulatio.
962 2163 1065 2214 Quae
1086 2170 1217 2204 autem
