1456 2396
235 87 320 129 AD
338 86 718 135 HERENNIUM,
740 87 838 125 Lm.
854 86 935 126 ΙΙΙ.
957 86 1062 127 CAP.
1079 87 1140 126 16.
1180 88 1260 127 203

145 205 391 238 transeamus.
420 195 612 234 Memmia
629 203 760 233 utrum
779 195 917 234 habeat
938 195 1150 248 quidquam
1172 197 1261 235 arti-

145 251 275 299 ficiosi,
296 263 345 288 an
362 250 486 289 onmis
504 263 528 287 a
544 249 681 287 natura
698 249 966 299 proficiscatur,
986 250 1090 288 aliud
1114 250 1263 289 dicendi

145 314 298 357 tempus
310 303 432 356 magis
445 303 625 341 idoneum
639 302 803 340 dabitur.
833 304 964 351 Nunc,
980 303 1135 355 perinde
1148 313 1263 356 atque

145 366 289 398 constet
316 359 357 396 in
385 358 457 396 hac
485 370 524 395 re
552 357 722 394 multum
747 358 870 395 valere
893 365 1013 396 artem
1038 366 1073 395 et
1099 372 1263 410 praecep-

143 413 303 459 tionem,
322 412 376 450 ita
389 412 434 450 ea
447 411 494 449 de
508 424 547 449 re
560 411 773 462 loquemur.
806 412 935 449 Placet
950 413 1051 449 enim
1065 413 1172 451 nobis
1187 426 1265 452 esse

143 467 347 505 artificium
360 466 572 504 memoriae:
593 478 709 515 quare
723 465 881 515 placeat,
898 465 989 503 alias
1002 467 1262 505 ostendemus:

143 521 185 559 in
203 520 414 572 praesentia,
436 519 650 568 cujusmodi
667 531 711 556 ea
729 519 790 565 sit,
809 519 1032 570 aperiemus.
1071 521 1170 558 Sunt
1193 521 1265 571 igi-

142 582 208 613 tur
232 575 320 613 duae
343 573 560 619 memoriae3
594 586 672 610 una
693 573 890 620 naturalis,
914 574 1031 611 altera
1056 574 1264 613 artificiosa.

143 629 343 667 Naturalis
375 635 430 666 est
461 641 518 674 ea,
547 641 634 679 quae
662 627 797 665 nostris
826 627 963 665 animis
989 628 1102 666 insita
1129 637 1197 675 est,
1228 637 1267 668 et

143 683 261 722 simul
278 695 366 722 curn
389 681 612 733 cogitatione
636 689 748 718 nata:
779 681 978 720 artificiosa
995 689 1050 720 est
1069 695 1124 730 ea,
1147 697 1265 734 quam

145 737 344 776 confirmat
373 735 542 774 inductio
573 735 764 787 quaedam,
798 743 835 773 et
866 736 961 774 ratio
992 737 1265 787 praeceptionis.

145 791 222 830 Sed
247 791 350 842 quia,
375 790 416 827 in
441 790 582 828 caeteris
603 791 729 836 rebus,
755 789 899 841 ingenii
921 791 1070 828 bonitas
1094 791 1266 829 imitatur

144 859 243 897 saepe
260 844 484 891 doctrinam,
500 857 559 882 ars
572 857 683 895 porro
697 851 842 882 naturae
857 844 1055 882 commoda
1069 845 1268 883 confirmat

144 907 183 938 et
199 906 338 950 auget3
366 898 420 936 ita
437 898 481 936 fit
498 898 538 935 in
557 898 628 936 hac
645 911 699 944 re,
718 905 764 935 ut
784 911 1062 949 nonmmquam
1084 900 1267 937 naturalis

145 953 342 999 memoria,
363 952 394 990 si
412 952 473 990 cui
490 952 580 990 data
598 960 652 990 est
670 952 832 1003 egregia,
853 952 986 991 similis
1004 953 1051 991 sit
1069 952 1158 991 huic
1177 954 1267 991 arti-

147 1008 294 1046 ficiosae.
324 1007 443 1045 Porro
461 1007 543 1045 haec
567 1006 765 1044 artificicsa
788 1014 934 1045 naturae
957 1007 1158 1045 commoda
1178 1007 1266 1046 reti-

146 1071 224 1107 net,
254 1068 292 1099 et
318 1061 526 1112 amplificat
551 1060 694 1098 ratione
721 1060 911 1098 doctrinae.
955 1061 1197 1113 Quapropter
1230 1070 1268 1100 et

147 1115 329 1153 naturalis
357 1115 541 1153 memoria
563 1114 811 1166 praeceptione
840 1115 1099 1153 confirmanda
1128 1123 1196 1163 est,
1223 1124 1267 1154 ut

147 1170 197 1208 sit
215 1169 389 1220 egregia3
419 1177 456 1207 et
473 1169 567 1213 haec,
588 1182 675 1220 quae
699 1168 869 1207 doctrina
892 1169 1049 1217 datur,
1038 1182 1078 1207 m
1121 1177 1183 1207 oet
1207 1170 1267 1207 in-

147 1223 261 1275 genii.
302 1224 344 1261 N
346 1236 387 1261 ec
404 1223 476 1261 hoc
493 1223 615 1274 magis
633 1230 700 1260 aut
717 1222 845 1261 minus
863 1223 904 1260 in
922 1223 994 1261 hac
1018 1236 1059 1261 re
1084 1237 1201 1274 quam
1226 1224 1266 1262 in

148 1277 290 1316 caeteris
308 1276 450 1315 artibus
469 1277 526 1324 fit,
545 1283 590 1314 ut
606 1277 772 1327 ingenio,
792 1277 976 1325 (100111113,
1001 1277 1266 1328 praeceptione,

148 1339 285 1369 natura
302 1332 468 1369 nitescat.
508 1330 639 1378 Quare
657 1337 694 1368 et
714 1331 803 1377 illis,
828 1331 896 1382 qui
920 1332 1058 1369 natura
1081 1344 1269 1370 memores

148 1393 251 1432 sunt,
270 1385 375 1423 utilis
392 1385 474 1423 haec
492 1385 561 1423 erit
578 1384 787 1423 institutio:
818 1385 922 1436 quod
940 1391 1022 1423 tute
1045 1386 1161 1437 paulo
1183 1393 1270 1437 post

147 1439 286 1491 poteris
316 1439 535 1490 intelligere.
578 1438 696 1486 Quod
725 1439 756 1477 si
786 1439 858 1487 illi,
888 1439 975 1477 freti
1003 1439 1156 1490 ingenio
1183 1453 1266 1488 suo,

148 1501 276 1532 nostro
293 1505 370 1532 non
387 1493 573 1544 indigent,
600 1500 728 1530 tamen
748 1494 853 1542 justa
875 1505 987 1531 causa
1004 1493 1129 1541 datur,
1151 1507 1269 1544 quare

146 1547 206 1595 iis,
241 1548 309 1599 qui
334 1547 463 1585 minus
492 1546 635 1598 ingenii
665 1547 820 1593 habent,
853 1546 1076 1596 adjumento
1106 1548 1269 1586 velimus

145 1614 235 1640 esse.
266 1602 309 1639 N
311 1613 384 1640 unc
397 1601 444 1639 de
458 1600 657 1639 artificiosa
669 1601 854 1639 memoria
866 1601 1081 1652 loquemur.
1111 1601 1270 1640 Constat

145 1655 264 1707 igitur
281 1655 478 1694 artificiosa
490 1655 674 1693 memoria
692 1668 740 1693 ex
757 1655 847 1693 locis
866 1662 903 1693 et
916 1655 1158 1707 imaginibus.
1189 1657 1269 1694 Lo-

146 1723 209 1748 cos
233 1709 470 1761 appellamus
494 1722 570 1757 eos,
597 1708 665 1760 qui
686 1709 861 1757 breviter,
880 1709 1056 1760 perfecte,
1075 1710 1267 1761 insignite,

146 1771 214 1802 aut
245 1763 382 1801 natura
411 1771 479 1801 aut
509 1775 628 1801 manu
660 1770 749 1801 sunt
779 1763 956 1811 absoluti,
990 1771 1034 1801 ut
1066 1777 1128 1802 eos
1159 1764 1270 1802 facile

146 1817 313 1855 naturali
336 1817 521 1856 memoria
546 1817 862 1868 comprehendere
889 1825 926 1856 et
949 1818 1128 1869 amplecti
1152 1831 1269 1869 quea-

148 1883 250 1917 mus,
269 1879 314 1910 ut
332 1871 442 1919 aedes,
465 1871 814 1919 intercolumnium,
841 1872 1042 1922 angulum,
1068 1872 1266 1918 fornicem,

147 1931 186 1963 et
203 1925 292 1973 alia,
312 1939 398 1977 quae
421 1926 482 1964 his
502 1925 641 1964 similia
664 1933 765 1964 sunt.
804 1925 999 1976 Imagines
1022 1933 1111 1964 sunt
1134 1926 1268 1964 formae

148 1978 339 2029 quaedam,
355 1986 393 2017 et
405 1987 518 2028 notae,
533 1987 571 2017 et
587 1980 790 2018 simulacra
807 1981 889 2029 ejus
906 1979 974 2027 rei,
993 1992 1112 2031 quam
1130 1980 1266 2018 memi-

147 2032 247 2070 nisse
274 2033 478 2071 volumus·
466 2062 478 2079 ,
514 2033 618 2095 quod
645 2046 780 2084 genus,
813 2033 915 2085 equi,
942 2034 1083 2081 leones,
1111 2033 1264 2084 aquilae,

148 2099 313 2137 quorum
331 2087 554 2126 memoriam
572 2087 604 2125 si
622 2088 793 2126 volemus
816 2087 968 2135 habere,
994 2087 1179 2139 imagines
1203 2100 1265 2126 eo-

147 2152 235 2178 rum
253 2141 361 2179 certis
379 2141 418 2179 in
437 2141 526 2180 locis
544 2142 725 2180 collocare
741 2154 810 2180 nos
827 2142 1025 2193 oportebit.

204 2194 335 2244 Nunc,
356 2195 568 2246 cujusmodi
586 2196 687 2236 locos
704 2195 885 2246 invenire,
913 2203 949 2237 et
973 2209 1051 2248 quo
1075 2202 1184 2248 pacto
1209 2208 1266 2234 ren
