1456 2396
207 48 695 90 ACADEMICORUM
715 48 816 87 LIB.
831 48 890 87 ΙΙ.
905 48 1010 88 CAP.
1027 49 1089 88 10.
1136 49 1215 94 297

103 157 225 195 moria
248 158 392 196 oritur:
423 164 558 195 caetera
583 162 713 195 autem
738 156 1054 196 similitudinibus
1079 155 1218 196 consti!

103 211 192 258 tuit,
209 225 256 249 ex
275 211 415 263 quibus
430 210 645 249 efficiuntur
658 211 804 249 notitiae
817 225 960 260 rerum,
982 225 1076 263 quas
1093 211 1219 249 Graeci

102 272 188 302 tum
201 270 359 309 Εννοιας,
384 273 469 302 tum
489 266 704 315 Προληψεις
718 274 864 304 vocant.
885 265 947 304 Eo
962 279 1050 304 cum
1066 264 1217 303 accessit

101 318 212 367 ratio,
232 319 525 370 argumentique
544 318 748 366 conclusio,
769 332 974 371 rerumque
998 320 1218 357 innumera-

101 372 240 410 bilium
259 372 482 421 multitudo,
509 382 594 411 tum
613 379 651 410 et
668 373 860 424 perceptio
890 387 1023 411 eorum
1042 373 1219 411 omnium

101 433 283 478 apparet3
314 435 352 465 et
377 427 511 465 eadem
534 426 646 475 ratio,
673 427 838 478 perfecta
863 426 922 465 his
947 427 1142 478 gradibus,
1170 426 1220 464 ad

100 480 327 532 sapientiam
345 480 529 532 pervenit.

155 534 225 572 Ad
243 547 372 573 rerum
391 534 510 596 igitur
528 533 739 581 scientiam,
769 534 933 585 vitaeque
952 534 1218 596 constantiam,

100 588 297 640 aptissima
311 602 400 627 cum
415 589 464 626 sit
476 601 586 626 mens
599 588 779 636 hominis,
796 588 1038 640 amplectitur
1049 589 1220 627 maxime

100 642 380 693 cognitionem.
412 650 450 681 et
477 643 591 681 istam
620 644 844 689 καταληψιν,
871 655 1005 693 quam,
1036 646 1096 685 (ut
1118 643 1218 689 dixi)

100 698 261 735 verbum
280 710 300 735 e
319 699 433 736 verbo
459 695 728 748 exprimentes,
756 694 1132 758 comprehensionem
1158 696 1218 734 di-

100 763 244 798 cemus,
265 764 355 789 cum
372 750 496 802 ipsam
514 763 582 802 per
597 763 636 788 se
654 758 759 789 amat
778 750 893 794 (1111111
907 758 963 789 est
977 751 1081 788 enim
1101 751 1135 789 ei
1153 764 1218 789 ve-

99 803 221 843 ritatis
239 804 324 843 luce
342 804 524 852 dulcius),
540 812 625 843 tum
645 803 760 843 etiam
779 812 933 856 propter
951 817 1079 843 usum.
1110 805 1220 852 Quo-

99 857 198 897 circa
222 866 260 897 et
286 858 458 897 sensibus
476 858 613 906 utitur,
642 866 679 896 et
698 866 795 897 artes
814 858 940 906 efficit,
961 858 1070 910 quasi
1089 871 1220 896 sensus

98 912 261 950 alteros:
284 920 321 951 et
339 926 461 964 usque
480 925 524 951 eo
542 912 824 964 philosophiam
843 912 967 964 ipsam
990 914 1219 958 corroborat,

99 973 144 1004 ut
169 966 350 1005 virtutem
376 966 527 1015 efficiat,
548 979 596 1005 ex
615 966 693 1018 qua
718 980 758 1005 re
777 967 856 1005 unii
879 966 956 1005 vita
981 967 1105 1005 omnis
1131 974 1221 1017 apta

99 1019 159 1058 sit.
198 1019 306 1072 Ergo
325 1021 381 1069 hi,
413 1021 481 1073 qui
505 1028 648 1071 negant
673 1020 887 1072 quidquam
912 1034 1022 1072 posse
1047 1033 1220 1072 compre-

99 1073 230 1124 hendi,
259 1075 341 1113 haec
369 1075 453 1126 ipsa
479 1075 646 1126 eripiunt
671 1074 732 1113 vel
757 1075 1012 1113 instrumenta
1030 1075 1091 1113 vel
1109 1087 1221 1112 orna-

98 1136 231 1168 menta
255 1129 368 1176 vitae;
398 1129 459 1167 vel
488 1129 616 1181 potius
633 1127 749 1167 etiam
769 1136 889 1167 totam
909 1129 1028 1167 vitam
1047 1135 1222 1167 evertunt

99 1181 288 1232 funditus,
309 1183 514 1235 ipsumque
533 1183 678 1221 animal
697 1184 834 1221 orbant
859 1183 1015 1228 3111111ος
1046 1191 1090 1221 ut
1121 1182 1221 1220 diffi-

99 1236 170 1275 cile
189 1237 238 1275 sit
256 1237 303 1275 de
323 1237 534 1277 temeritate
552 1249 699 1286 eorum,
719 1237 877 1288 perinde
895 1245 939 1276 ut
959 1250 1071 1276 causa
1089 1244 1221 1289 postu-

99 1290 169 1337 lat,
190 1290 324 1330 dicere.

154 1345 196 1383 N
199 1358 240 1383 ec
255 1359 342 1384 vero
357 1346 446 1385 satis
465 1346 691 1384 constituere
705 1358 876 1397 possum,
897 1345 1002 1398 quod
1021 1345 1069 1383 sit
1087 1357 1222 1383 eorum

99 1399 316 1448 consilium,
332 1408 400 1438 aut
415 1400 509 1452 quid
523 1401 652 1439 velint.
683 1399 883 1438 Interdum
905 1400 1022 1446 enim,
1043 1412 1133 1438 cum
1152 1399 1220 1436 ad-

99 1453 278 1491 hibemus
303 1454 352 1492 ad
378 1467 440 1493 eos
465 1454 675 1492 orationem
700 1454 950 1503 hujusmodi:
983 1454 1024 1492 Si
1049 1467 1106 1502 ea,
1133 1466 1222 1504 quae

100 1507 357 1558 disputentur,
379 1521 468 1547 vera
486 1520 564 1546 non
590 1508 679 1555 sint,
701 1515 786 1546 tum
806 1508 936 1546 01111113
954 1508 1034 1546 fore
1051 1508 1219 1546 incerta:

99 1562 351 1613 respondent:
384 1562 492 1610 Quid
523 1575 612 1613 ergo
637 1562 740 1600 istud
765 1562 814 1600 ad
841 1574 909 1600 nos
924 1565 941 1600 Ρ
971 1574 1068 1599 1111111
1093 1568 1222 1599 nostra

99 1615 214 1667 culpa
232 1618 318 1655 est?
339 1624 519 1655 naturam
537 1629 685 1663 accusa,
706 1629 793 1667 quae
811 1616 852 1653 in
870 1615 1064 1667 profundo
1082 1615 1220 1653 verita-

99 1677 179 1708 tem
206 1672 268 1714 (ut
300 1670 354 1709 ait
382 1670 644 1718 Democritus)
677 1670 830 1721 penitus
859 1669 1094 1708 abstruserit.
1135 1669 1222 1706 Alii

99 1732 229 1762 autem
249 1724 473 1776 elegantius,
494 1724 562 1776 qui
581 1724 696 1762 etiam
716 1732 942 1775 queruntur,
963 1723 1067 1774 quod
1086 1736 1148 1761 eos
1162 1723 1222 1760 in-

99 1778 326 1817 simulemus
343 1778 474 1816 omnia
490 1779 634 1816 incerta
651 1778 800 1823 dicere,
823 1786 1098 1840 quantumque
1104 1777 1221 1815 inter-

100 1832 148 1871 sit
166 1832 264 1871 inter
281 1833 484 1880 incertum,
505 1840 542 1870 et
560 1832 601 1870 id
620 1832 723 1884 quod
742 1832 885 1884 percipi
903 1844 981 1871 non
999 1831 1132 1883 possit,
1153 1831 1222 1869 do-

100 1899 182 1925 cere
212 1894 412 1933 conantur,
443 1900 563 1938 eaque
593 1886 836 1937 distinguere.
879 1885 982 1925 Cum
1013 1885 1073 1924 his
1103 1885 1222 1935 igitur

101 1953 276 1991 agamus,
304 1941 372 1992 qui
395 1940 477 1980 haec
503 1940 769 1991 distinguunt:
800 1940 901 1989 illos,
929 1953 997 1991 qiu
1020 1939 1151 1978 omnia
1169 1939 1221 1977 sic

100 1994 244 2035 incerta
261 1994 408 2043 dicunt,
427 2003 486 2044 ut,
506 1995 703 2033 stellarum
722 2007 906 2033 numerus
928 2007 997 2045 par
1021 2005 1071 2031 an
1096 1993 1222 2043 impar

100 2048 163 2098 sit,
191 2048 302 2100 quasi
330 2048 544 2100 desperatos
573 2049 734 2101 aliquos,
765 2049 1041 2100 relinquamus.
1071 2047 1222 2085 Volunt

102 2102 206 2142 enim
233 2105 288 2146 (et
311 2102 384 2142 1100
409 2103 566 2155 quidem
591 2103 652 2141 vel
674 2103 845 2141 maxime
871 2101 1221 2141 animadvertebam

103 2170 168 2197 vos
197 2157 358 2205 moveri)
386 2157 582 2209 probabile
607 2157 753 2209 aliquid
779 2170 870 2211 esse,
897 2164 934 2196 et
958 2155 1067 2208 quasi
1093 2153 1221 2194 verisi-
