1456 2396
164 81 653 126 ACADEMICORUM
671 83 774 125 11113.
788 84 1176 126 11.CA1›.41‘.339

51 198 180 232 mente
195 193 394 246 praeditus,
407 192 487 246 qua
504 194 636 233 omnia
646 201 840 247 regantur.
872 193 1180 242 Cleanthes,u1
1110 195 1180 247 qui

52 248 164 299 quasi
181 249 375 298 majorum
393 255 451 287 est
464 249 639 301 gentium
654 250 819 299 Stoicus,
834 249 1000 288 Zenonis
1011 249 1178 298 auditor,

50 302 181 341 Solem
199 302 404 353 dominari,
425 310 463 342 et
481 316 611 342 rerum
629 304 744 355 potiri
762 311 886 356 putat.
916 305 1056 356 Itaque
1076 304 1179 355 cogi-

48 368 152 405 mur,
190 357 422 396 dissensione
468 358 700 419 sapientum,
747 358 951 397 dominum
1002 366 1179 397 nostrum

55 410 256 471 ignorare3
287 412 431 464 quippe
449 412 519 464 qui
536 412 764 461 nesciamus,
778 413 859 451 Soli
875 426 925 451 an
936 413 1091 451 AEtheri
1103 426 1181 451 ser-

49 465 213 504 viamus.
262 467 362 505 Solis
387 474 518 505 autem
542 467 772 518 magnitudo
794 468 890 519 (ipse
910 468 1014 506 enim
1032 467 1098 506 hic
1117 481 1178 506 ra-

49 518 177 558 diatus
194 533 260 559 me
277 521 417 560 intueri
436 521 603 569 videtur)
624 521 820 570 admonet,
834 530 878 559 ut
890 524 1020 561 crebro
1039 522 1180 560 faciam

48 575 287 614 mentionem
324 575 396 614 sui.
451 576 534 615 Vos
572 589 662 637 ergo
697 576 815 625 hujus
851 577 1178 627 magnitudinem,

50 629 162 680 quasi
181 630 413 682 decempeda
431 631 638 682 permensi,
655 629 813 668 refertis.
846 629 974 679 [Huic
993 644 1057 669 me
1071 644 1182 669 men-

50 696 150 722 surae
174 695 322 733 vestrae,
344 693 382 724 et
409 685 531 733 vobis,
553 684 663 737 quasi
685 685 799 722 malis
825 685 1052 731 architectis,
1082 698 1182 737 nego

51 750 122 788 ego
141 739 324 792 credere.]
365 739 547 778 Dubium
567 747 637 790 est,
657 747 743 778 uter
760 742 935 778 nostrum
955 740 1003 778 sit
1023 740 1183 783 (leniter

50 800 96 831 ut
114 792 257 842 dicam)
277 794 557 833 verecundior?

103 847 245 899 Neque
267 856 398 887 tamen
422 849 514 887 istas
540 847 768 910 quaestiones
786 847 1035 910 physicorum
1056 856 1182 887 exter-

48 901 253 942 minandas
270 911 378 955 puto.
408 903 483 942 Est
497 904 601 941 enim
620 903 840 942 animorum
859 903 1182 955 ingeniorumque

48 958 224 996 naturale
253 957 450 1010 quoddam
470 958 582 1010 quasi
607 959 799 1009 pabulum
819 958 1069 996 consideratio
1093 971 1184 996 con-

48 1012 326 1064 templatioque
344 1020 517 1051 naturae:
549 1013 760 1064 engimurg
791 1013 963 1051 elatiores
983 1012 1065 1050 fieri
1078 1012 1183 1051 vide-

47 1078 162 1113 mur;
191 1066 368 1105 humana
379 1067 638 1119 despicimus:
667 1067 954 1129 cogitantesque
970 1080 1109 1118 supera
1123 1075 1182 1104 at-

47 1133 124 1172 que
143 1121 320 1171 coelestia,
340 1122 422 1161 haec
440 1130 583 1170 nostra,
604 1130 649 1160 ut
667 1123 809 1173 exigua
827 1130 865 1160 et
883 1121 1062 1182 minima,
1089 1134 1180 1160 con-

48 1175 271 1215 temnimus.
320 1176 554 1229 Indagatio'
545 1190 629 1228 1psa
647 1189 777 1214 rerum
797 1184 884 1214 tum
902 1176 1182 1224 maximarum,

47 1235 135 1268 tum
154 1231 271 1269 etiam
288 1231 648 1279 occultissimarum,
663 1231 781 1269 habet
800 1231 1106 1270 oblectationem.
1138 1231 1181 1269 Si

48 1297 138 1323 vero
152 1285 301 1338 aliquid
319 1293 503 1335 occurret,
524 1285 629 1347 quod
647 1285 854 1324 verisimile
873 1285 1076 1332 videatur;
1106 1285 1182 1323 hu-

48 1339 275 1379 inanissima
286 1341 508 1403 completur
526 1340 679 1378 animus
698 1341 908 1392 voluptate.

105 1394 266 1444 Quaeret
283 1395 402 1447 igitur
420 1395 502 1434 haec
517 1403 554 1434 et
573 1402 695 1434 vester
713 1395 877 1446 sapiens,
896 1402 933 1433 et
954 1393 1017 1433 hic
1031 1401 1182 1432 noster.

49 1449 117 1488 sed
142 1457 277 1499 vester,
305 1457 350 1488 ut
376 1449 617 1498 assentiatur,
647 1449 788 1497 credat,
819 1449 1007 1487 affirmet:
1039 1457 1182 1498 noster,

49 1511 96 1542 ut
121 1512 295 1543 vereatur
318 1511 459 1543 temere
477 1504 654 1556 opinari;
684 1505 942 1556 praeclareque
970 1504 1033 1555 agi
1053 1516 1184 1542 secum

50 1566 176 1610 putet,
197 1559 242 1607 si,
262 1560 304 1597 in
323 1559 513 1609 ejusmodi
531 1561 660 1606 rebus,
682 1559 886 1597 verisimile
905 1558 1011 1609 quod
1041 1558 1102 1607 sit,
1122 1558 1186 1595 in-

51 1613 208 1652 venerit.
258 1614 473 1653 Veniamus
503 1626 607 1652 nunc
630 1613 680 1652 ad
697 1615 889 1652 bonorum
913 1613 1186 1664 malorumque

50 1668 272 1707 notionem:
303 1668 371 1708 sed
398 1669 605 1721 paululum
637 1676 725 1706 ante
751 1667 958 1706 dicendum
986 1675 1054 1706 est.
1089 1668 1185 1705 Non

50 1723 150 1761 mihi
181 1723 361 1762 videntur
391 1723 640 1771 considerare,
668 1736 758 1762 cum
790 1722 950 1774 physica
976 1722 1051 1760 ista
1074 1721 1187 1760 valde

51 1777 261 1827 affirmant,
288 1791 422 1817 earum
445 1779 561 1817 etiam
586 1790 717 1816 rerum
744 1777 1024 1838 auctoritatem,
1045 1777 1078 1815 si
1098 1790 1186 1828 quae

50 1831 275 1872 illustriores
289 1833 504 1882 videantur,
525 1833 713 1881 amittere,
745 1833 840 1871 Non
859 1832 964 1870 8111111
982 1831 1107 1882 1113815
1126 1844 1187 1868 35-

52 1887 270 1926 sentiuntur
282 1900 408 1949 neque
419 1889 649 1940 approbant,
665 1887 792 1925 lucere
805 1899 924 1934 nunc,
941 1899 1075 1938 quam,
1094 1898 1185 1924 cum

53 1941 187 1980 cornix
205 1943 394 1991 cecinerit,
416 1950 501 1981 tum
521 1941 670 1994 aliquid
689 1955 775 1980 eam
794 1949 861 1980 aut
876 1942 1014 1991 jubere
1032 1947 1100 1978 aut
1122 1952 1187 1977 ve-

51 2002 157 2034 tare.
188 2009 259 2035 nec
276 1997 400 2049 magis
419 1997 683 2046 affirmabunt,
704 1996 861 2048 signum
879 1995 992 2042 illud,
1018 1995 1050 2033 si
1073 2001 1186 2032 erunt

51 2050 190 2100 11181151,
210 2064 278 2090 sex
302 2051 448 2104 pedum
476 2064 569 2100 esse,
599 2064 721 2103 quam
748 2052 884 2099 solem,
915 2062 1033 2101 quem
1057 2047 1187 2086 metiri

51 2117 131 2144 non
145 2113 319 2157 possunt,
339 2106 428 2157 plus
447 2119 567 2158 quam
584 2105 850 2157 duodeviginti
867 2104 1042 2156 partibus
1061 2104 1186 2153 majo-

52 2172 138 2198 -rem
157 2173 250 2208 esse,
265 2173 386 2213 quam
404 2168 557 2200 terram.
599 2160 666 2199 Ex
681 2173 760 2212 quo
773 2160 843 2198 illa
855 2158 1048 2198 conclusio
1061 2157 1185 2196 nasci-

52 2222 142 2255 mr·
151 2215 207 2268 si,
227 2215 286 2255 sol
304 2223 474 2268 quantus
493 2215 557 2266 sit,
578 2214 725 2268 percipi
738 2226 816 2256 non
830 2220 977 2268 potest3
994 2212 1185 2266 (111183118-
