1456 2396
234 101 312 139 304
352 95 827 138 ACADEMICORUM
859 95 957 135 Lm.
977 95 1035 135 ΙΙ.
1051 95 1155 136 CAr.
1171 97 1232 135 16.

234 214 314 253 aut,
343 206 372 243 si
400 219 443 244 ea
468 218 619 257 quoque
643 204 772 256 possit,
800 216 866 243 cur
892 204 959 241 illa
988 215 1065 242 non
1093 203 1223 254 possit,
1248 215 1335 253 quae

233 259 512 311 perdifficiliter,
533 259 829 296 internoscantur
848 259 1006 295 tamen?
1036 263 1086 304 et,
1107 256 1137 294 si
1155 257 1249 303 haec,
1269 268 1335 294 cur

234 325 310 350 non
329 313 426 350 inter
444 326 530 363 quae
549 311 644 349 nihil
658 311 705 349 sit
722 311 875 349 omnino
890 313 907 348 Ρ
937 310 1100 357 Deinde,
1120 322 1208 348 cum
1226 321 1334 346 mens

234 373 430 403 moveatur
442 365 523 416 ipsa
541 378 608 415 per
622 377 712 412 sese,
729 372 771 401 ut
784 373 820 401 et
835 377 877 401 ea
892 363 1082 401 declarant
1100 376 1186 413 quae
1197 362 1337 412 cogita-

235 419 336 456 tione
355 418 608 469 depingimus,
625 426 661 456 et
675 431 718 455 ea
735 430 820 468 quae
835 417 894 454 vel
908 416 1056 454 furiosis
1075 416 1134 453 vel
1148 414 1337 453 dormien-

234 472 336 510 tibus
361 471 548 518 videntur,
575 483 699 509 nonne
725 470 935 522 (inquiunt)
961 468 1162 507 verisimile
1189 468 1251 516 sit,
1283 468 1335 506 sic

236 525 351 562 etiam
369 532 536 562 mentem
548 524 703 571 moveri,
720 532 763 561 ut
782 536 858 561 non
876 522 989 560 modo
1007 534 1082 560 non
1096 521 1336 566 internoscat,

235 578 314 616 visa
344 591 430 616 vera
458 579 525 615 ina
553 578 640 623 sint,
670 590 767 615 anne
794 577 901 623 falsa,
933 575 997 613 sed
1023 582 1067 612 ut
1090 575 1131 612 in
1157 575 1216 612 his
1239 573 1338 612 nihil

233 631 379 669 intersit
397 632 551 669 omnino
566 633 582 670 ?
611 638 655 668 ut
673 631 704 668 si
718 630 785 681 qui
798 636 999 667 tremerent
1011 636 1047 666 et
1062 628 1338 666 exalbescerent

234 685 294 722 vel
313 685 385 735 ipsi
404 698 470 736 per
488 698 539 731 se,
559 692 667 722 motu
691 683 828 721 mentis
854 683 995 733 aliquo,
1021 682 1080 719 vel
1098 680 1245 729 objecta
1262 688 1336 718 ter-

235 737 337 775 ribili
366 751 405 776 re
430 738 671 785 extrinsecus,
696 737 792 774 nihil
817 743 925 783 esset,
952 736 1020 786 qui
1045 734 1337 784 distingueretur

234 799 373 829 tremor
387 791 450 829 ille
465 798 501 829 et
518 791 653 842 pallor,
669 802 792 841 neque
806 789 1017 841 quidquam
1032 787 1225 826 interesset
1237 787 1337 826 inter

234 843 455 882 intestinum
474 852 511 882 et
529 845 711 882 oblatum.

289 898 497 943 Postremo,
519 898 549 935 si
568 898 674 935 nulla
693 897 771 935 visa
789 903 876 933 sunt
894 894 1117 947 probabilia,
1137 907 1224 945 quae
1240 892 1336 931 falsa

235 951 324 999 sint,
344 951 418 988 alia
435 951 529 988 ratio
549 959 614 989 est.
643 951 711 988 Sin
731 957 858 987 autem
884 955 986 995 sunt,
1013 961 1079 986 cur
1103 959 1180 985 non
1205 946 1334 994 etiam,

234 1018 321 1056 quae
347 1017 423 1042 non
450 1004 558 1042 facile
586 1004 914 1041 internoscantur?
953 1014 1019 1040 cur
1046 1013 1122 1039 non
1149 1008 1194 1038 ut
1224 1000 1338 1050 plane

234 1058 331 1095 nihil
349 1057 523 1095 intersit?
552 1057 758 1108 praesertim
777 1069 865 1094 cum
879 1055 951 1105 ipsi
969 1055 1112 1101 dicatis,
1128 1053 1337 1104 sapientem

234 1111 275 1149 in
294 1111 419 1148 furore
438 1110 617 1150 sustinere
636 1123 674 1147 se
693 1111 739 1149 ab
759 1109 864 1147 omni
881 1120 1047 1155 assensu,
1068 1107 1159 1159 quia
1175 1106 1282 1144 nulla
1294 1105 1336 1144 in

236 1164 323 1202 visis
342 1164 529 1201 distinctio
548 1170 737 1214 appareat-

288 1217 406 1254 XVI.
435 1217 503 1254 Ad
531 1217 599 1254 has
625 1228 755 1254 omnes
786 1214 944 1253 visiones
969 1214 1099 1252 inanes
1121 1212 1338 1251 Antiochus

236 1270 391 1320 quidem
420 1270 610 1321 permulta
638 1269 810 1313 dicebat;
841 1276 878 1306 et
907 1275 985 1306 erat
1013 1267 1060 1305 de
1090 1267 1162 1305 hac
1192 1266 1269 1304 una
1297 1278 1338 1304 re

234 1323 349 1361 unius
368 1324 441 1360 diei
460 1323 674 1374 disputatio.
710 1322 815 1361 Mihi
833 1329 960 1359 autem
978 1333 1054 1358 non
1072 1319 1174 1358 idem
1198 1319 1338 1357 facien-

236 1376 331 1414 dum
353 1384 468 1427 puto;
497 1377 561 1414 sed
575 1376 656 1427 ipsa
670 1376 792 1427 capita
805 1375 983 1420 dicenda3
1004 1381 1041 1412 et
1064 1373 1232 1425 primum
1252 1372 1339 1424 qui-

234 1430 322 1468 dem
333 1430 404 1468 hoc
423 1429 786 1480 reprehendendum,
803 1428 905 1479 quod
919 1427 1187 1479 captiosissimo
1202 1438 1338 1477 genere

233 1483 534 1534 interrogationis
552 1491 736 1528 utuntur;
767 1481 870 1534 quod
887 1494 1006 1532 genus
1019 1480 1176 1518 minime
1193 1480 1233 1517 in
1252 1478 1339 1530 phi-

235 1537 408 1587 losophia
436 1537 587 1587 probari
617 1537 722 1584 solet,
753 1548 841 1573 cum
874 1534 1019 1586 aliquid
1049 1532 1269 1571 minutatim
1301 1539 1339 1570 et

235 1590 424 1640 gradatim
443 1590 606 1636 additur,
627 1598 694 1627 aut
711 1589 886 1626 demitur.
943 1589 1092 1626 Soritas
1105 1587 1174 1624 hos
1188 1591 1337 1633 vocant,

237 1643 304 1693 qui
334 1656 509 1681 acervum
536 1643 700 1681 efficiunt
727 1655 804 1679 uno
833 1641 960 1678 addito
989 1653 1130 1691 grano:
1160 1639 1339 1676 vitiosum

238 1708 327 1734 sane
347 1704 382 1733 et
401 1697 609 1746 captiosum
635 1708 765 1746 genus.
805 1695 867 1733 Sic
893 1694 995 1731 enim
1020 1691 1266 1731 adscenditis:
1297 1691 1340 1730 Si

237 1749 312 1786 tale
331 1749 456 1787 visum
475 1751 665 1798 objectum
684 1756 739 1786 est
760 1762 783 1786 a
801 1747 886 1786 Deo
905 1746 1119 1794 dormienti,
1139 1752 1184 1783 ut
1201 1746 1340 1796 proba-

237 1803 314 1840 bile
329 1802 388 1851 sit,
405 1816 471 1840 cur
483 1815 559 1840 non
575 1802 687 1840 etiam
702 1809 745 1839 ut
756 1801 865 1839 valde
879 1799 1107 1838 verisimile?
1123 1811 1189 1836 cur
1204 1797 1340 1836 deinde

238 1868 330 1902 non,
350 1863 394 1893 ut
419 1855 618 1894 difficiliter
636 1869 658 1893 a
683 1868 770 1893 vero
799 1854 1100 1892 internoscatur?
1128 1851 1277 1899 deinde,
1296 1858 1342 1890 ut

238 1921 287 1947 ne
312 1909 582 1946 internoscatur
608 1908 795 1959 quidem?
824 1915 1027 1958 postremo,
1055 1913 1098 1943 ut
1124 1905 1222 1943 nihil
1244 1904 1342 1944 inter

237 1961 309 2000 hoc
342 1970 378 2000 et
410 1962 506 2000 illud
537 1962 712 2000 intersit?
742 1962 833 1999 Huc
862 1960 894 1999 si
924 1959 1147 2011 perveneris,
1178 1970 1241 1999 me
1272 1957 1343 1997 tibi

238 2015 409 2068 primurn
436 2015 604 2067 quidque
627 2015 864 2060 concedente,
889 2026 1021 2051 meum
1046 2012 1183 2051 vitium
1204 2011 1341 2058 fuerin

239 2068 298 2108 sin
316 2069 397 2120 ipse
415 2070 484 2107 tua
501 2077 633 2121 sponte
649 2068 882 2119 processeriS,
902 2074 1026 2105 tuum.

294 2122 393 2169 Quis
417 2123 519 2159 enim
547 2122 617 2159 tibi
643 2122 800 2168 dederit,
820 2127 888 2157 aut
915 2119 1045 2160 omnia
1066 2118 1196 2159 Deum
1220 2129 1342 2168 posse,

240 2180 309 2214 aut
334 2173 387 2214 ita
413 2173 604 2215 facturum
632 2186 723 2223 esse,
751 2173 782 2213 si
806 2172 954 2226 possit?
983 2171 1188 2222 Quomodo
1215 2177 1344 2210 autem
