1456 2396
153 115 233 155 416
320 113 401 154 DE
428 113 680 164 FINIBUS,
708 113 810 154 Lm.
830 113 890 154 11.
909 113 1016 155 cin».
1036 115 1104 155 31.

154 235 285 273 neam,
306 223 529 285 simulque'
517 237 599 275 lpse
617 223 723 275 gravi
741 224 898 263 vulnere
919 222 1133 263 exanimari
1150 235 1191 263 se
1218 223 1278 263 vi-

157 277 291 324 deret3
320 286 366 316 ut
383 279 556 329 primum
577 278 756 330 dispexit,
774 279 962 330 quaesivit,
984 279 1162 316 salvusne
1181 286 1279 317 esset

158 332 345 393 clypeus?
375 345 464 370 cum
483 332 632 370 salvum
659 345 738 370 esse
755 332 887 372 flentes
907 332 966 371 sui
985 332 1278 384 respondissent,

158 386 320 437 rogavit,
341 393 512 425 essentne
530 386 606 424 fusi
623 386 749 425 hostes
762 389 780 425 Ρ
809 399 975 439 cumque
988 386 1029 424 id
1047 399 1216 438 quoque,
1237 394 1282 424 ut

160 440 352 491 cupiebat,
373 440 591 487 audivisset,
606 440 716 478 evelli
731 440 845 490 jussit
860 454 960 487 eam,
974 440 1049 492 qua
1066 449 1146 479 erat
1159 448 1284 478 trans-

160 494 277 541 fixus,
296 494 447 533 hastam
465 509 474 532 =
499 494 567 543 ita,
588 495 712 532 multo
731 496 918 547 sanguine
935 494 1107 546 profuso,
1126 494 1168 532 in
1186 494 1285 532 laeti-

161 548 218 586 tia
237 555 273 586 et
289 548 330 586 in
356 548 515 587 victoria
537 555 592 587 est
612 556 799 587 mortuus.
830 549 1021 588 Leonidas
1047 556 1193 596 autem,
1217 561 1286 587 rex

163 602 560 650 Lacedaemoniorum,
581 616 620 641 se
648 602 689 641 in
709 603 996 655 Thermopylis,
1022 609 1284 654 trecentosque

164 669 226 695 eos
253 670 349 709 quos
377 656 560 695 eduxerat
585 656 735 708 Sparta,
766 670 856 696 cum
886 665 983 696 esset
1005 656 1200 709 proposita
1219 663 1289 695 aut

162 710 258 762 fuga
290 711 428 763 turpis,
461 718 528 749 aut
552 711 714 763 gloriosa
740 724 858 759 mors,
880 712 1070 773 ‘opposuit
1099 710 1287 750 hostibus.

168 763 368 803 Praeclarae
395 773 536 804 mortes
559 774 648 804 sunt
670 765 951 817 imperatoriae.
982 764 1201 817 philosophi
1218 778 1289 804 au-

165 825 247 858 tem
264 819 304 857 in
325 819 402 858 suis
420 819 569 858 lectulis
587 819 816 871 plerumque
832 820 1062 858 moriuntur.

222 873 359 912 Refert
386 884 531 922 tamen,
569 874 673 926 quod
702 874 774 912 sibi
813 874 965 913 videtur
995 887 1074 912 esse
1108 872 1288 912 morienti

167 939 311 979 magna
346 928 443 966 laus.
487 930 516 951 “
541 927 916 980 Compensabatur,”
957 928 1099 980 inquit,
1148 930 1177 950 “
1198 940 1288 969 cum

166 981 330 1020 summis
362 981 557 1020 doloribus
592 982 766 1020 laetitia.”
795 982 926 1020 Audio
956 981 1134 1034 equidem
1163 981 1291 1033 philo-

167 1035 278 1087 sophi
304 1048 452 1083 vocem,
479 1036 675 1088 Epicure:
706 1036 771 1075 sed
790 1036 885 1088 quid
911 1036 982 1075 tibi
1001 1035 1207 1074 dicendum
1224 1036 1287 1084 sit,

168 1090 310 1128 oblitus
341 1103 391 1129 es.
423 1090 603 1128 Primum
631 1091 749 1137 enirn,
770 1090 802 1128 si
829 1103 916 1129 vera
935 1097 1026 1128 sunt
1044 1102 1102 1137 ea,
1123 1102 1290 1142 quorum

168 1143 426 1183 recordatione
453 1151 491 1183 te
519 1144 685 1196 gaudere
713 1144 820 1191 dicis,
850 1144 922 1183 hoc
941 1151 1012 1192 est,
1033 1143 1065 1182 si
1092 1157 1181 1182 vera
1198 1151 1290 1183 sunt

169 1206 239 1236 tua
271 1198 410 1250 scripta
443 1205 479 1236 et
511 1199 693 1244 inventa3
723 1198 889 1250 gaudere
920 1211 998 1237 non
1026 1205 1158 1250 potes:
1188 1198 1287 1237 nihil

170 1251 275 1291 enim
290 1253 373 1303 jam
391 1253 523 1300 habes,
545 1252 649 1304 quod
668 1253 718 1291 ad
732 1266 868 1304 corpus
885 1252 1037 1291 referas.
1066 1252 1142 1291 Est
1159 1259 1287 1291 autem

170 1319 194 1345 a
216 1313 254 1345 te
285 1319 434 1358 semper
459 1306 620 1354 dictum,
646 1319 715 1345 nec
743 1307 908 1359 gaudere
933 1319 1185 1359 quemquam,
1214 1306 1290 1345 nisi

168 1368 324 1412 propter
354 1374 504 1413 corpus,
539 1373 610 1400 nec
641 1361 779 1400 dolere.
810 1364 838 1384 “
856 1361 1106 1409 Praeteritis,”
1146 1361 1289 1413 inquit,

173 1418 202 1438 “
222 1415 413 1467 gaudeo-’⁹
453 1415 702 1463 Quibusnam
733 1415 964 1468 praeteritis?
1007 1415 1040 1454 si
1069 1414 1119 1454 ad
1155 1428 1292 1467 corpus

170 1469 462 1520 pertinentibus,
482 1470 644 1509 rationes
662 1478 747 1509 tuas
766 1478 803 1508 te
821 1470 930 1509 video
945 1482 1189 1522 compensare
1203 1482 1293 1509 cum

171 1523 252 1562 istis
271 1523 480 1572 doloribus,
500 1536 578 1563 non
603 1525 829 1563 memoriam
852 1537 1004 1577 corpore
1028 1531 1293 1576 perceptarum

173 1578 445 1630 voluptatum:
489 1578 520 1617 si
549 1586 679 1617 autem
712 1579 761 1618 ad
790 1579 980 1625 animum,
1019 1578 1161 1616 falsum
1206 1586 1289 1624 aet3

174 1632 279 1684 quod
308 1645 425 1684 negas
454 1632 574 1671 animi
594 1634 721 1671 ullum
751 1646 830 1672 esse
858 1633 1059 1684 gaudium,
1086 1631 1191 1684 quod
1215 1644 1294 1671 non

173 1685 358 1724 referatur
387 1687 436 1725 ad
465 1700 612 1738 corpus.
644 1687 724 1727 Cur
749 1687 886 1726 deinde
913 1686 1126 1726 Metrodori
1156 1686 1296 1726 liberos

175 1740 420 1779 commendas
436 1741 454 1778 Ρ
485 1741 593 1789 Quid
625 1755 673 1780 ex
703 1742 776 1780 isto
808 1748 875 1780 tuo
905 1741 1056 1793 egregio
1087 1740 1224 1788 officio,
1258 1748 1296 1780 et

175 1794 284 1832 tant&
302 1794 392 1842 fide,
414 1795 482 1838 (sic
499 1796 603 1834 enim
624 1796 817 1843 existimo)
836 1796 883 1835 ad
903 1809 1039 1848 corpus
1056 1795 1171 1834 refers
1185 1795 1204 1832 ¹?

230 1848 394 1887 XXXI.
426 1850 518 1888 Huc
537 1858 573 1889 et
587 1851 694 1898 illuc,
711 1851 923 1902 Torquate,
939 1863 1005 1888 vos
1019 1850 1172 1888 versetis
1185 1849 1295 1896 licet;

175 1902 274 1940 nihil
284 1902 325 1940 in
336 1903 409 1942 hac
419 1903 598 1956 praeclara
610 1905 768 1956 epistola
779 1905 965 1957 scriptum
973 1906 1020 1943 ab
1031 1903 1201 1956 Epicuro
1209 1916 1299 1942 con-

176 1969 318 2008 gruens
333 1965 370 1996 et
384 1959 608 1998 conveniens
620 1959 776 1997 decretis
790 1958 1080 2010 ejusreperietis.
1097 1958 1161 1997 Ita
1170 1958 1300 1997 redar-

176 2011 310 2062 guitur
327 2011 408 2063 ipse
427 2026 450 2051 a
468 2025 561 2060 sese,
589 2021 830 2065 veneuntque
850 2013 989 2065 scripta
1007 2013 1089 2062 ejus
1113 2012 1301 2064 probitate

177 2065 297 2116 ipsius
331 2079 374 2105 ac
402 2067 599 2113 moribus;
629 2080 721 2106 nam
747 2068 821 2106 ista
854 2066 1135 2106 commendatio
1163 2079 1303 2119 puero-

178 2131 282 2168 rum,
301 2121 487 2160 memoria
507 2129 544 2160 et
563 2122 696 2160 caritas
715 2122 907 2169 amicitiae,
921 2134 1165 2160 summorum
1183 2121 1303 2160 offici-

176 2185 289 2212 orum
300 2173 341 2212 in
356 2183 528 2214 extremo
542 2176 677 2228 spiritu
692 2176 940 2224 conservatio,
955 2175 1111 2222 indicat,
1128 2175 1304 2213 innatam

180 2240 260 2268 esse
277 2229 426 2268 homini
444 2230 672 2282 probitatem
687 2231 910 2283 gratuitam,
926 2242 1004 2270 non
1022 2229 1223 2269 invitatam
1238 2241 1306 2268 vo-
