<?xml version="1.0" encoding="UTF-8"?>
<!DOCTYPE html PUBLIC "-//W3C//DTD XHTML 1.0 Transitional//EN"
    "http://www.w3.org/TR/xhtml1/DTD/xhtml1-transitional.dtd">
<html xmlns="http://www.w3.org/1999/xhtml" xml:lang="en" lang="en">
 <head>
  <title>
</title>
<meta http-equiv="Content-Type" content="text/html;charset=utf-8" />
  <meta name='ocr-system' content='tesseract 3.04.00' />
  <meta name='ocr-capabilities' content='ocr_page ocr_carea ocr_par ocr_line ocrx_word'/>
</head>
<body>
  <div class='ocr_page' id='page_1' title='image "./operaern02ciceuoft_0064.png"; bbox 0 0 1456 2396; ppageno 0'>
   <div class='ocr_carea' id='block_1_1' title="bbox 244 100 1036 149">
    <p class='ocr_par' dir='ltr' id='par_1_1' title="bbox 244 100 1036 149">
     <span class='ocr_line' id='line_1_1' title="bbox 244 100 1036 149; baseline -0.003 -9"><span class='ocrx_word' id='word_1_1' title='bbox 244 102 297 140; x_wconf 88' lang='lat'><strong>50</strong></span> <span class='ocrx_word' id='word_1_2' title='bbox 567 100 826 149; x_wconf 84' lang='lat' dir='ltr'>ORATOR,</span> <span class='ocrx_word' id='word_1_3' title='bbox 848 101 953 140; x_wconf 75' lang='lat' dir='ltr'>CAP.</span> <span class='ocrx_word' id='word_1_4' title='bbox 972 102 1036 139; x_wconf 76' lang='lat'><strong>52.</strong></span> 
     </span>
    </p>
   </div>
   <div class='ocr_carea' id='block_1_2' title="bbox 243 208 1456 2206">
    <p class='ocr_par' dir='ltr' id='par_1_2' title="bbox 243 208 1456 479">
     <span class='ocr_line' id='line_1_2' title="bbox 243 208 1355 248; baseline 0 -2"><span class='ocrx_word' id='word_1_5' title='bbox 243 220 320 247; x_wconf 89' lang='lat' dir='ltr'><strong>non</strong></span> <span class='ocrx_word' id='word_1_6' title='bbox 333 216 388 247; x_wconf 89' lang='lat' dir='ltr'><strong>est</strong></span> <span class='ocrx_word' id='word_1_7' title='bbox 403 208 454 248; x_wconf 81' lang='lat' dir='ltr'><strong>eis</strong></span> <span class='ocrx_word' id='word_1_8' title='bbox 468 209 558 248; x_wconf 85' lang='lat' dir='ltr'><strong>satis</strong></span> <span class='ocrx_word' id='word_1_9' title='bbox 571 221 648 247; x_wconf 83' lang='lat' dir='ltr'><strong>non</strong></span> <span class='ocrx_word' id='word_1_10' title='bbox 659 209 851 248; x_wconf 76' lang='lat' dir='ltr'>contemni</span> <span class='ocrx_word' id='word_1_11' title='bbox 865 212 882 248; x_wconf 75' lang='grc' dir='ltr'><strong><em>Ρ</em></strong></span> <span class='ocrx_word' id='word_1_12' title='bbox 901 209 1050 248; x_wconf 84' lang='lat' dir='ltr'><strong>laudari</strong></span> <span class='ocrx_word' id='word_1_13' title='bbox 1062 209 1177 248; x_wconf 87' lang='lat' dir='ltr'><strong>etiam</strong></span> <span class='ocrx_word' id='word_1_14' title='bbox 1190 209 1325 247; x_wconf 84' lang='lat' dir='ltr'><strong>volunt</strong></span> <span class='ocrx_word' id='word_1_15' title='bbox 1338 210 1355 247; x_wconf 70' lang='grc' dir='ltr'>Ρ</span> 
     </span>
     <span class='ocr_line' id='line_1_3' title="bbox 243 262 1357 315; baseline 0 -15"><span class='ocrx_word' id='word_1_16' title='bbox 243 262 333 313; x_wconf 84' lang='lat' dir='ltr'><strong>Ego</strong></span> <span class='ocrx_word' id='word_1_17' title='bbox 351 271 480 301; x_wconf 84' lang='lat' dir='ltr'><strong>autem</strong></span> <span class='ocrx_word' id='word_1_18' title='bbox 504 264 589 302; x_wconf 89' lang='lat' dir='ltr'><strong>illos</strong></span> <span class='ocrx_word' id='word_1_19' title='bbox 604 263 706 315; x_wconf 85' lang='lat' dir='ltr'><strong>ipsos</strong></span> <span class='ocrx_word' id='word_1_20' title='bbox 730 263 860 311; x_wconf 85' lang='lat' dir='ltr'><strong>laudo,</strong></span> <span class='ocrx_word' id='word_1_21' title='bbox 881 264 996 315; x_wconf 89' lang='lat' dir='ltr'><strong>idque</strong></span> <span class='ocrx_word' id='word_1_22' title='bbox 1020 263 1171 311; x_wconf 90' lang='lat' dir='ltr'><strong>merito,</strong></span> <span class='ocrx_word' id='word_1_23' title='bbox 1191 275 1357 314; x_wconf 88' lang='lat' dir='ltr'><strong>quorum</strong></span> 
     </span>
     <span class='ocr_line' id='line_1_4' title="bbox 245 316 1359 369; baseline 0 -15"><span class='ocrx_word' id='word_1_24' title='bbox 245 329 285 354; x_wconf 89' lang='lat' dir='ltr'><strong>se</strong></span> <span class='ocrx_word' id='word_1_25' title='bbox 310 317 372 355; x_wconf 88' lang='lat' dir='ltr'><strong>isti</strong></span> <span class='ocrx_word' id='word_1_26' title='bbox 389 317 597 356; x_wconf 86' lang='lat' dir='ltr'><strong>imitatores</strong></span> <span class='ocrx_word' id='word_1_27' title='bbox 617 330 695 356; x_wconf 88' lang='lat' dir='ltr'><strong>esse</strong></span> <span class='ocrx_word' id='word_1_28' title='bbox 713 317 858 364; x_wconf 85' lang='lat' dir='ltr'><strong>dicunt,</strong></span> <span class='ocrx_word' id='word_1_29' title='bbox 879 319 949 356; x_wconf 90' lang='lat' dir='ltr'><strong>etsi</strong></span> <span class='ocrx_word' id='word_1_30' title='bbox 965 318 1007 356; x_wconf 89' lang='lat' dir='ltr'><strong>in</strong></span> <span class='ocrx_word' id='word_1_31' title='bbox 1026 317 1079 355; x_wconf 90' lang='lat' dir='ltr'><strong>eis</strong></span> <span class='ocrx_word' id='word_1_32' title='bbox 1097 316 1244 369; x_wconf 81' lang='lat' dir='ltr'><strong>aliquid</strong></span> <span class='ocrx_word' id='word_1_33' title='bbox 1261 316 1359 354; x_wconf 69' lang='lat' dir='ltr'><strong>dosi-</strong></span> 
     </span>
     <span class='ocr_line' id='line_1_5' title="bbox 248 369 1362 423; baseline 0.001 -15"><span class='ocrx_word' id='word_1_34' title='bbox 248 370 365 409; x_wconf 85' lang='lat' dir='ltr'><strong>dero:</strong></span> <span class='ocrx_word' id='word_1_35' title='bbox 395 371 465 410; x_wconf 98' lang='grc'>1105</span> <span class='ocrx_word' id='word_1_36' title='bbox 491 385 579 410; x_wconf 88' lang='lat' dir='ltr'><strong>vero</strong></span> <span class='ocrx_word' id='word_1_37' title='bbox 609 371 782 420; x_wconf 84' lang='lat' dir='ltr'><strong>minime,</strong></span> <span class='ocrx_word' id='word_1_38' title='bbox 803 372 872 423; x_wconf 92' lang='lat' dir='ltr'><strong>qui</strong></span> <span class='ocrx_word' id='word_1_39' title='bbox 895 372 992 410; x_wconf 91' lang='lat' dir='ltr'><strong>nihil</strong></span> <span class='ocrx_word' id='word_1_40' title='bbox 1016 371 1187 419; x_wconf 89' lang='lat' dir='ltr'><strong>illorum,</strong></span> <span class='ocrx_word' id='word_1_41' title='bbox 1212 369 1288 408; x_wconf 85' lang='lat' dir='ltr'><strong>nisi</strong></span> <span class='ocrx_word' id='word_1_42' title='bbox 1305 370 1362 409; x_wconf 91' lang='lat' dir='ltr'><strong>vi-</strong></span> 
     </span>
     <span class='ocr_line' id='line_1_6' title="bbox 247 424 1456 479; baseline 0 -17"><span class='ocrx_word' id='word_1_43' title='bbox 247 424 362 473; x_wconf 89' lang='lat' dir='ltr'><strong>tium,</strong></span> <span class='ocrx_word' id='word_1_44' title='bbox 383 433 609 477; x_wconf 90' lang='lat' dir='ltr'><strong>sequuntur,</strong></span> <span class='ocrx_word' id='word_1_45' title='bbox 630 438 719 464; x_wconf 88' lang='lat' dir='ltr'><strong>cum</strong></span> <span class='ocrx_word' id='word_1_46' title='bbox 737 439 761 464; x_wconf 91' lang='lat' dir='ltr'><strong>a</strong></span> <span class='ocrx_word' id='word_1_47' title='bbox 784 426 894 464; x_wconf 90' lang='lat' dir='ltr'><strong>bonis</strong></span> <span class='ocrx_word' id='word_1_48' title='bbox 912 426 1037 464; x_wconf 88' lang='lat' dir='ltr'><strong>absint</strong></span> <span class='ocrx_word' id='word_1_49' title='bbox 1053 424 1286 476; x_wconf 84' lang='lat' dir='ltr'><strong>longissime.</strong></span> <span class='ocrx_word' id='word_1_50' title='bbox 1454 439 1456 479; x_wconf 62' lang='lat'><em>}</em></span> 
     </span>
    </p>

    <p class='ocr_par' dir='ltr' id='par_1_3' title="bbox 247 478 1372 1341">
     <span class='ocr_line' id='line_1_7' title="bbox 303 478 1363 531; baseline -0.001 -14"><span class='ocrx_word' id='word_1_51' title='bbox 303 478 422 526; x_wconf 88' lang='lat' dir='ltr'><strong>Quod</strong></span> <span class='ocrx_word' id='word_1_52' title='bbox 446 479 478 518; x_wconf 86' lang='lat' dir='ltr'><strong>si</strong></span> <span class='ocrx_word' id='word_1_53' title='bbox 503 493 611 518; x_wconf 54' lang='lat' dir='ltr'><strong>aures</strong></span> <span class='ocrx_word' id='word_1_54' title='bbox 637 487 717 518; x_wconf 88' lang='lat' dir='ltr'><strong>tam</strong></span> <span class='ocrx_word' id='word_1_55' title='bbox 746 479 991 529; x_wconf 85' lang='lat' dir='ltr'><strong>inhumanas,</strong></span> <span class='ocrx_word' id='word_1_56' title='bbox 1017 487 1176 531; x_wconf 85' lang='lat' dir='ltr'><strong>tamque</strong></span> <span class='ocrx_word' id='word_1_57' title='bbox 1200 484 1363 529; x_wconf 62' lang='lat' dir='ltr'><strong>agrestes</strong></span> 
     </span>
     <span class='ocr_line' id='line_1_8' title="bbox 249 533 1364 585; baseline -0.001 -14"><span class='ocrx_word' id='word_1_58' title='bbox 249 533 407 581; x_wconf 90' lang='lat' dir='ltr'><strong>habent,</strong></span> <span class='ocrx_word' id='word_1_59' title='bbox 427 546 477 571; x_wconf 88' lang='lat' dir='ltr'><strong>ne</strong></span> <span class='ocrx_word' id='word_1_60' title='bbox 494 533 797 572; x_wconf 83' lang='lat' dir='ltr'><strong>doctissimorum</strong></span> <span class='ocrx_word' id='word_1_61' title='bbox 822 534 980 585; x_wconf 91' lang='lat' dir='ltr'><strong>quidem</strong></span> <span class='ocrx_word' id='word_1_62' title='bbox 1005 533 1175 572; x_wconf 88' lang='lat' dir='ltr'><strong>virorum</strong></span> <span class='ocrx_word' id='word_1_63' title='bbox 1200 545 1263 571; x_wconf 90' lang='grc'><strong>805</strong></span> <span class='ocrx_word' id='word_1_64' title='bbox 1280 545 1364 570; x_wconf 83' lang='grc'>1110-</span> 
     </span>
     <span class='ocr_line' id='line_1_9' title="bbox 250 587 1367 648; baseline -0.002 -22"><span class='ocrx_word' id='word_1_65' title='bbox 250 587 355 626; x_wconf 89' lang='lat' dir='ltr'><strong>vebit</strong></span> <span class='ocrx_word' id='word_1_66' title='bbox 381 588 605 626; x_wconf 77' lang='lat' dir='ltr'><strong>auctoritas</strong></span> <span class='ocrx_word' id='word_1_67' title='bbox 597 590 615 615; x_wconf 66' lang='lat'><strong>⁹</strong></span> <span class='ocrx_word' id='word_1_68' title='bbox 655 587 806 626; x_wconf 75' lang='lat' dir='ltr'><strong>Omitto</strong></span> <span class='ocrx_word' id='word_1_69' title='bbox 837 588 1058 635; x_wconf 83' lang='lat' dir='ltr'><strong>Isocratem,</strong></span> <span class='ocrx_word' id='word_1_70' title='bbox 1084 587 1367 648; x_wconf 80' lang='lat' dir='ltr'><strong>discipulosque</strong></span> 
     </span>
     <span class='ocr_line' id='line_1_10' title="bbox 250 640 1366 693; baseline -0.001 -14"><span class='ocrx_word' id='word_1_71' title='bbox 250 642 347 690; x_wconf 85' lang='lat' dir='ltr'><strong>ejus,</strong></span> <span class='ocrx_word' id='word_1_72' title='bbox 367 640 573 692; x_wconf 89' lang='lat' dir='ltr'><strong>Ephorum</strong></span> <span class='ocrx_word' id='word_1_73' title='bbox 587 648 623 679; x_wconf 93' lang='lat' dir='ltr'><strong>et</strong></span> <span class='ocrx_word' id='word_1_74' title='bbox 639 642 899 687; x_wconf 73' lang='lat' dir='ltr'><strong>Naucratemr,</strong></span> <span class='ocrx_word' id='word_1_75' title='bbox 929 654 1167 693; x_wconf 90' lang='lat' dir='ltr'><strong>quamquam</strong></span> <span class='ocrx_word' id='word_1_76' title='bbox 1185 640 1366 679; x_wconf 85' lang='lat' dir='ltr'><strong>orationis</strong></span> 
     </span>
     <span class='ocr_line' id='line_1_11' title="bbox 249 694 1367 746; baseline -0.001 -13"><span class='ocrx_word' id='word_1_77' title='bbox 249 695 432 733; x_wconf 83' lang='lat' dir='ltr'><strong>faciendae</strong></span> <span class='ocrx_word' id='word_1_78' title='bbox 457 703 494 733; x_wconf 90' lang='lat' dir='ltr'><strong>et</strong></span> <span class='ocrx_word' id='word_1_79' title='bbox 515 696 696 734; x_wconf 88' lang='lat' dir='ltr'><strong>ornandae</strong></span> <span class='ocrx_word' id='word_1_80' title='bbox 714 705 883 734; x_wconf 82' lang='lat' dir='ltr'><strong>auctores</strong></span> <span class='ocrx_word' id='word_1_81' title='bbox 901 694 1202 746; x_wconf 88' lang='lat' dir='ltr'><strong>locupletissimi,</strong></span> <span class='ocrx_word' id='word_1_82' title='bbox 1222 694 1367 733; x_wconf 87' lang='lat' dir='ltr'><strong>summi</strong></span> 
     </span>
     <span class='ocr_line' id='line_1_12' title="bbox 250 747 1367 810; baseline 0 -24"><span class='ocrx_word' id='word_1_83' title='bbox 250 748 325 810; x_wconf 89' lang='lat' dir='ltr'><strong>ipsi</strong></span> <span class='ocrx_word' id='word_1_84' title='bbox 342 756 520 797; x_wconf 83' lang='lat' dir='ltr'><strong>oratores,</strong></span> <span class='ocrx_word' id='word_1_85' title='bbox 541 762 618 787; x_wconf 90' lang='lat' dir='ltr'><strong>esse</strong></span> <span class='ocrx_word' id='word_1_86' title='bbox 644 749 818 788; x_wconf 84' lang='lat' dir='ltr'><strong>debeant.</strong></span> <span class='ocrx_word' id='word_1_87' title='bbox 854 749 930 788; x_wconf 84' lang='lat' dir='ltr'><strong>Sed</strong></span> <span class='ocrx_word' id='word_1_88' title='bbox 954 749 1041 800; x_wconf 93' lang='lat' dir='ltr'><strong>quis</strong></span> <span class='ocrx_word' id='word_1_89' title='bbox 1065 748 1242 787; x_wconf 90' lang='lat' dir='ltr'><strong>omnium</strong></span> <span class='ocrx_word' id='word_1_90' title='bbox 1276 747 1367 786; x_wconf 88' lang='lat' dir='ltr'><strong>doc-</strong></span> 
     </span>
     <span class='ocr_line' id='line_1_13' title="bbox 249 801 1370 855; baseline -0.001 -14"><span class='ocrx_word' id='word_1_91' title='bbox 249 803 336 849; x_wconf 91' lang='lat' dir='ltr'><strong>tior,</strong></span> <span class='ocrx_word' id='word_1_92' title='bbox 357 803 443 854; x_wconf 90' lang='lat' dir='ltr'><strong>quis</strong></span> <span class='ocrx_word' id='word_1_93' title='bbox 471 803 629 852; x_wconf 83' lang='lat' dir='ltr'><strong>acutior,</strong></span> <span class='ocrx_word' id='word_1_94' title='bbox 658 803 744 855; x_wconf 84' lang='lat' dir='ltr'><strong>quis</strong></span> <span class='ocrx_word' id='word_1_95' title='bbox 770 804 811 841; x_wconf 84' lang='lat' dir='ltr'><strong>in</strong></span> <span class='ocrx_word' id='word_1_96' title='bbox 828 805 941 841; x_wconf 89' lang='lat' dir='ltr'><strong>rebus</strong></span> <span class='ocrx_word' id='word_1_97' title='bbox 959 804 1021 842; x_wconf 88' lang='lat' dir='ltr'><strong>vel</strong></span> <span class='ocrx_word' id='word_1_98' title='bbox 1045 801 1282 841; x_wconf 83' lang='lat' dir='ltr'><strong>inveniendis</strong></span> <span class='ocrx_word' id='word_1_99' title='bbox 1307 802 1370 841; x_wconf 89' lang='lat' dir='ltr'><strong>vel</strong></span> 
     </span>
     <span class='ocr_line' id='line_1_14' title="bbox 247 856 1368 918; baseline -0.001 -23"><span class='ocrx_word' id='word_1_100' title='bbox 247 857 464 907; x_wconf 83' lang='lat' dir='ltr'><strong>judicandis</strong></span> <span class='ocrx_word' id='word_1_101' title='bbox 476 857 609 918; x_wconf 82' lang='lat' dir='ltr'><strong>acrior,</strong></span> <span class='ocrx_word' id='word_1_102' title='bbox 622 857 828 895; x_wconf 84' lang='lat' dir='ltr'><strong>Aristotele</strong></span> <span class='ocrx_word' id='word_1_103' title='bbox 841 857 949 896; x_wconf 83' lang='lat' dir='ltr'><strong>fuit?</strong></span> <span class='ocrx_word' id='word_1_104' title='bbox 978 856 1064 909; x_wconf 87' lang='lat' dir='ltr'><strong>quis</strong></span> <span class='ocrx_word' id='word_1_105' title='bbox 1077 869 1191 908; x_wconf 90' lang='lat' dir='ltr'><strong>porro</strong></span> <span class='ocrx_word' id='word_1_106' title='bbox 1209 856 1368 895; x_wconf 86' lang='lat' dir='ltr'><strong>Isocrati</strong></span> 
     </span>
     <span class='ocr_line' id='line_1_15' title="bbox 251 909 1370 962; baseline 0 -13"><span class='ocrx_word' id='word_1_107' title='bbox 251 918 307 949; x_wconf 73' lang='grc'><strong>851</strong></span> <span class='ocrx_word' id='word_1_108' title='bbox 325 911 571 950; x_wconf 86' lang='lat' dir='ltr'><strong>adversatus</strong></span> <span class='ocrx_word' id='word_1_109' title='bbox 560 912 804 962; x_wconf 76' lang='lat' dir='ltr'><strong>impensius?</strong></span> <span class='ocrx_word' id='word_1_110' title='bbox 834 911 875 949; x_wconf 92' lang='lat' dir='ltr'><strong>Is</strong></span> <span class='ocrx_word' id='word_1_111' title='bbox 899 911 1019 962; x_wconf 87' lang='lat' dir='ltr'><strong>igitur</strong></span> <span class='ocrx_word' id='word_1_112' title='bbox 1042 923 1195 950; x_wconf 84' lang='lat' dir='ltr'><strong>versum</strong></span> <span class='ocrx_word' id='word_1_113' title='bbox 1217 909 1260 947; x_wconf 89' lang='grc'><strong>111</strong></span> <span class='ocrx_word' id='word_1_114' title='bbox 1283 923 1370 949; x_wconf 82' lang='lat' dir='ltr'><strong>ora-</strong></span> 
     </span>
     <span class='ocr_line' id='line_1_16' title="bbox 250 963 1365 1015; baseline 0 -12"><span class='ocrx_word' id='word_1_115' title='bbox 250 965 355 1003; x_wconf 89' lang='lat' dir='ltr'><strong>tione</strong></span> <span class='ocrx_word' id='word_1_116' title='bbox 390 972 493 1003; x_wconf 87' lang='lat' dir='ltr'><strong>vetat</strong></span> <span class='ocrx_word' id='word_1_117' title='bbox 528 978 634 1011; x_wconf 82' lang='lat' dir='ltr'><strong>esse3</strong></span> <span class='ocrx_word' id='word_1_118' title='bbox 680 977 888 1003; x_wconf 90' lang='lat' dir='ltr'><strong>numerum</strong></span> <span class='ocrx_word' id='word_1_119' title='bbox 921 966 1044 1015; x_wconf 84' lang='lat' dir='ltr'><strong>jubet.</strong></span> <span class='ocrx_word' id='word_1_120' title='bbox 1083 964 1184 1014; x_wconf 84' lang='lat' dir='ltr'><strong>Ejus</strong></span> <span class='ocrx_word' id='word_1_121' title='bbox 1215 963 1365 1003; x_wconf 83' lang='lat' dir='ltr'><strong>auditor</strong></span> 
     </span>
     <span class='ocr_line' id='line_1_17' title="bbox 252 1017 1369 1070; baseline -0.002 -13"><span class='ocrx_word' id='word_1_122' title='bbox 252 1018 502 1066; x_wconf 84' lang='lat' dir='ltr'><strong>Theodectes,</strong></span> <span class='ocrx_word' id='word_1_123' title='bbox 531 1019 572 1057; x_wconf 89' lang='lat' dir='ltr'><strong>in</strong></span> <span class='ocrx_word' id='word_1_124' title='bbox 604 1019 738 1070; x_wconf 87' lang='lat' dir='ltr'><strong>primis</strong></span> <span class='ocrx_word' id='word_1_125' title='bbox 764 1022 824 1063; x_wconf 93' lang='lat' dir='ltr'><strong>(ut</strong></span> <span class='ocrx_word' id='word_1_126' title='bbox 848 1019 1075 1058; x_wconf 64' lang='lat' dir='ltr'><strong>Aristoteles</strong></span> <span class='ocrx_word' id='word_1_127' title='bbox 1100 1031 1199 1070; x_wconf 88' lang='lat' dir='ltr'><strong>saepe</strong></span> <span class='ocrx_word' id='word_1_128' title='bbox 1221 1017 1369 1069; x_wconf 82' lang='lat' dir='ltr'><strong>signifi-</strong></span> 
     </span>
     <span class='ocr_line' id='line_1_18' title="bbox 252 1072 1372 1124; baseline 0 -12"><span class='ocrx_word' id='word_1_129' title='bbox 252 1081 329 1121; x_wconf 85' lang='lat' dir='ltr'><strong>cat)</strong></span> <span class='ocrx_word' id='word_1_130' title='bbox 348 1073 490 1124; x_wconf 89' lang='lat' dir='ltr'><strong>politus</strong></span> <span class='ocrx_word' id='word_1_131' title='bbox 504 1074 675 1124; x_wconf 74' lang='lat' dir='ltr'><strong>scriptor,</strong></span> <span class='ocrx_word' id='word_1_132' title='bbox 695 1081 810 1124; x_wconf 88' lang='lat' dir='ltr'><strong>atque</strong></span> <span class='ocrx_word' id='word_1_133' title='bbox 823 1073 975 1122; x_wconf 80' lang='lat' dir='ltr'><strong>artifex,</strong></span> <span class='ocrx_word' id='word_1_134' title='bbox 990 1073 1063 1111; x_wconf 90' lang='lat' dir='ltr'><strong>hoc</strong></span> <span class='ocrx_word' id='word_1_135' title='bbox 1079 1072 1183 1111; x_wconf 92' lang='lat' dir='ltr'><strong>idem</strong></span> <span class='ocrx_word' id='word_1_136' title='bbox 1201 1079 1240 1110; x_wconf 88' lang='lat' dir='ltr'><strong>et</strong></span> <span class='ocrx_word' id='word_1_137' title='bbox 1256 1072 1372 1112; x_wconf 85' lang='lat' dir='ltr'><strong>sentit</strong></span> 
     </span>
     <span class='ocr_line' id='line_1_19' title="bbox 254 1125 1372 1179; baseline -0.001 -13"><span class='ocrx_word' id='word_1_138' title='bbox 254 1136 292 1166; x_wconf 89' lang='lat' dir='ltr'><strong>et</strong></span> <span class='ocrx_word' id='word_1_139' title='bbox 326 1127 522 1178; x_wconf 76' lang='lat' dir='ltr'><strong>praecipit3</strong></span> <span class='ocrx_word' id='word_1_140' title='bbox 562 1127 852 1179; x_wconf 82' lang='lat' dir='ltr'><strong>Theophrastus</strong></span> <span class='ocrx_word' id='word_1_141' title='bbox 883 1139 971 1166; x_wconf 89' lang='lat' dir='ltr'><strong>vero</strong></span> <span class='ocrx_word' id='word_1_142' title='bbox 1001 1126 1137 1165; x_wconf 85' lang='lat' dir='ltr'><strong>iisdem</strong></span> <span class='ocrx_word' id='word_1_143' title='bbox 1172 1125 1221 1164; x_wconf 89' lang='lat' dir='ltr'><strong>de</strong></span> <span class='ocrx_word' id='word_1_144' title='bbox 1255 1128 1372 1165; x_wconf 90' lang='lat' dir='ltr'><strong>rebus</strong></span> 
     </span>
     <span class='ocr_line' id='line_1_20' title="bbox 252 1179 1369 1232; baseline -0.001 -13"><span class='ocrx_word' id='word_1_145' title='bbox 252 1181 369 1219; x_wconf 86' lang='lat' dir='ltr'><strong>etiam</strong></span> <span class='ocrx_word' id='word_1_146' title='bbox 387 1181 609 1220; x_wconf 80' lang='lat' dir='ltr'><strong>accuratiuS.</strong></span> <span class='ocrx_word' id='word_1_147' title='bbox 640 1181 739 1229; x_wconf 89' lang='lat' dir='ltr'><strong>Quis</strong></span> <span class='ocrx_word' id='word_1_148' title='bbox 758 1194 847 1232; x_wconf 89' lang='lat' dir='ltr'><strong>ergo</strong></span> <span class='ocrx_word' id='word_1_149' title='bbox 864 1181 956 1220; x_wconf 89' lang='lat' dir='ltr'><strong>istos</strong></span> <span class='ocrx_word' id='word_1_150' title='bbox 973 1179 1084 1228; x_wconf 87' lang='lat' dir='ltr'><strong>ferat,</strong></span> <span class='ocrx_word' id='word_1_151' title='bbox 1103 1180 1172 1232; x_wconf 92' lang='lat' dir='ltr'><strong>qui</strong></span> <span class='ocrx_word' id='word_1_152' title='bbox 1188 1180 1258 1218; x_wconf 89' lang='lat' dir='ltr'><strong>hos</strong></span> <span class='ocrx_word' id='word_1_153' title='bbox 1276 1193 1369 1219; x_wconf 88' lang='lat' dir='ltr'><strong>auc-</strong></span> 
     </span>
     <span class='ocr_line' id='line_1_21' title="bbox 253 1234 1371 1287; baseline 0.001 -14"><span class='ocrx_word' id='word_1_154' title='bbox 253 1242 353 1274; x_wconf 88' lang='lat' dir='ltr'><strong>tores</strong></span> <span class='ocrx_word' id='word_1_155' title='bbox 384 1247 462 1274; x_wconf 92' lang='lat' dir='ltr'><strong>non</strong></span> <span class='ocrx_word' id='word_1_156' title='bbox 490 1237 686 1287; x_wconf 86' lang='lat' dir='ltr'><strong>probent?</strong></span> <span class='ocrx_word' id='word_1_157' title='bbox 716 1235 790 1274; x_wconf 89' lang='lat' dir='ltr'><strong>nisi</strong></span> <span class='ocrx_word' id='word_1_158' title='bbox 818 1235 976 1275; x_wconf 89' lang='lat' dir='ltr'><strong>omnino</strong></span> <span class='ocrx_word' id='word_1_159' title='bbox 1004 1234 1087 1274; x_wconf 87' lang='lat' dir='ltr'><strong>haec</strong></span> <span class='ocrx_word' id='word_1_160' title='bbox 1117 1247 1197 1274; x_wconf 71' lang='grc'>8558</span> <span class='ocrx_word' id='word_1_161' title='bbox 1228 1236 1278 1274; x_wconf 86' lang='lat' dir='ltr'><strong>ab</strong></span> <span class='ocrx_word' id='word_1_162' title='bbox 1307 1234 1371 1274; x_wconf 90' lang='lat' dir='ltr'><strong>his</strong></span> 
     </span>
     <span class='ocr_line' id='line_1_22' title="bbox 255 1290 646 1341; baseline 0 -14"><span class='ocrx_word' id='word_1_163' title='bbox 255 1296 445 1341; x_wconf 85' lang='lat' dir='ltr'><strong>praecepta</strong></span> <span class='ocrx_word' id='word_1_164' title='bbox 463 1290 646 1327; x_wconf 86' lang='lat' dir='ltr'><strong>nesciant.</strong></span> 
     </span>
    </p>

    <p class='ocr_par' dir='ltr' id='par_1_4' title="bbox 255 1342 1434 1922">
     <span class='ocr_line' id='line_1_23' title="bbox 309 1342 1370 1405; baseline 0 -24"><span class='ocrx_word' id='word_1_165' title='bbox 309 1343 428 1405; x_wconf 79' lang='lat' dir='ltr'><strong>Quod</strong></span> <span class='ocrx_word' id='word_1_166' title='bbox 453 1343 485 1381; x_wconf 91' lang='lat' dir='ltr'><strong>si</strong></span> <span class='ocrx_word' id='word_1_167' title='bbox 509 1343 564 1381; x_wconf 85' lang='lat' dir='ltr'><strong>ita</strong></span> <span class='ocrx_word' id='word_1_168' title='bbox 581 1351 637 1382; x_wconf 87' lang='lat' dir='ltr'><strong>est</strong></span> <span class='ocrx_word' id='word_1_169' title='bbox 663 1346 748 1387; x_wconf 91' lang='lat' dir='ltr'><strong>(nec</strong></span> <span class='ocrx_word' id='word_1_170' title='bbox 773 1356 861 1382; x_wconf 88' lang='lat' dir='ltr'><strong>vero</strong></span> <span class='ocrx_word' id='word_1_171' title='bbox 879 1343 987 1382; x_wconf 88' lang='lat' dir='ltr'><strong>aliter</strong></span> <span class='ocrx_word' id='word_1_172' title='bbox 1012 1342 1220 1391; x_wconf 78' lang='lat' dir='ltr'><strong>existimo),</strong></span> <span class='ocrx_word' id='word_1_173' title='bbox 1238 1342 1360 1395; x_wconf 90' lang='lat' dir='ltr'><strong>quid.</strong></span> <span class='ocrx_word' id='word_1_174' title='bbox 1349 1345 1370 1372; x_wconf 75' lang='lat'><strong>⁹</strong></span> 
     </span>
     <span class='ocr_line' id='line_1_24' title="bbox 255 1397 1372 1448; baseline 0.001 -13"><span class='ocrx_word' id='word_1_175' title='bbox 255 1397 328 1448; x_wconf 88' lang='lat' dir='ltr'><strong>ipsi</strong></span> <span class='ocrx_word' id='word_1_176' title='bbox 347 1397 425 1436; x_wconf 89' lang='lat' dir='ltr'><strong>suis</strong></span> <span class='ocrx_word' id='word_1_177' title='bbox 453 1397 626 1436; x_wconf 87' lang='lat' dir='ltr'><strong>sensibus</strong></span> <span class='ocrx_word' id='word_1_178' title='bbox 651 1410 728 1436; x_wconf 93' lang='lat' dir='ltr'><strong>non</strong></span> <span class='ocrx_word' id='word_1_179' title='bbox 752 1399 987 1436; x_wconf 84' lang='lat' dir='ltr'><strong>moventur?</strong></span> <span class='ocrx_word' id='word_1_180' title='bbox 1014 1397 1161 1435; x_wconf 88' lang='grc'>1111111118</span> <span class='ocrx_word' id='word_1_181' title='bbox 1179 1397 1232 1436; x_wconf 86' lang='grc'><strong>815</strong></span> <span class='ocrx_word' id='word_1_182' title='bbox 1257 1397 1372 1436; x_wconf 85' lang='lat' dir='ltr'><strong>inane</strong></span> 
     </span>
     <span class='ocr_line' id='line_1_25' title="bbox 256 1450 1371 1499; baseline 0.001 -10"><span class='ocrx_word' id='word_1_183' title='bbox 256 1452 438 1490; x_wconf 81' lang='lat' dir='ltr'><strong>videtur?</strong></span> <span class='ocrx_word' id='word_1_184' title='bbox 467 1451 565 1489; x_wconf 90' lang='lat' dir='ltr'><strong>nihil</strong></span> <span class='ocrx_word' id='word_1_185' title='bbox 583 1452 837 1499; x_wconf 85' lang='lat' dir='ltr'><strong>inconditum,</strong></span> <span class='ocrx_word' id='word_1_186' title='bbox 856 1451 954 1490; x_wconf 88' lang='lat' dir='ltr'><strong>nihil</strong></span> <span class='ocrx_word' id='word_1_187' title='bbox 967 1458 1134 1499; x_wconf 87' lang='lat' dir='ltr'><strong>curtum,</strong></span> <span class='ocrx_word' id='word_1_188' title='bbox 1149 1450 1248 1489; x_wconf 86' lang='lat' dir='ltr'><strong>nihil</strong></span> <span class='ocrx_word' id='word_1_189' title='bbox 1265 1451 1371 1490; x_wconf 83' lang='lat' dir='ltr'><strong>clau-</strong></span> 
     </span>
     <span class='ocr_line' id='line_1_26' title="bbox 256 1505 1371 1556; baseline 0.001 -13"><span class='ocrx_word' id='word_1_190' title='bbox 256 1505 401 1553; x_wconf 86' lang='lat' dir='ltr'><strong>dicans,</strong></span> <span class='ocrx_word' id='word_1_191' title='bbox 427 1505 526 1543; x_wconf 91' lang='lat' dir='ltr'><strong>nihil</strong></span> <span class='ocrx_word' id='word_1_192' title='bbox 550 1505 802 1544; x_wconf 83' lang='lat' dir='ltr'><strong>redundans?</strong></span> <span class='ocrx_word' id='word_1_193' title='bbox 832 1506 882 1544; x_wconf 93' lang='lat' dir='ltr'><strong>In</strong></span> <span class='ocrx_word' id='word_1_194' title='bbox 907 1519 1017 1544; x_wconf 83' lang='lat' dir='ltr'><strong>versu</strong></span> <span class='ocrx_word' id='word_1_195' title='bbox 1042 1505 1200 1556; x_wconf 87' lang='lat' dir='ltr'><strong>quidem</strong></span> <span class='ocrx_word' id='word_1_196' title='bbox 1223 1505 1371 1544; x_wconf 58' lang='lat' dir='ltr'><strong>theatra</strong></span> 
     </span>
     <span class='ocr_line' id='line_1_27' title="bbox 255 1558 1371 1611; baseline 0 -13"><span class='ocrx_word' id='word_1_197' title='bbox 255 1567 336 1598; x_wconf 86' lang='lat' dir='ltr'><strong>tota</strong></span> <span class='ocrx_word' id='word_1_198' title='bbox 355 1559 584 1607; x_wconf 80' lang='lat' dir='ltr'><strong>exclamant,</strong></span> <span class='ocrx_word' id='word_1_199' title='bbox 606 1560 638 1598; x_wconf 93' lang='lat' dir='ltr'><strong>si</strong></span> <span class='ocrx_word' id='word_1_200' title='bbox 653 1560 730 1598; x_wconf 88' lang='lat' dir='ltr'><strong>fuit</strong></span> <span class='ocrx_word' id='word_1_201' title='bbox 747 1572 826 1598; x_wconf 92' lang='lat' dir='ltr'><strong>una</strong></span> <span class='ocrx_word' id='word_1_202' title='bbox 843 1560 989 1611; x_wconf 82' lang='lat' dir='ltr'><strong>syllaba</strong></span> <span class='ocrx_word' id='word_1_203' title='bbox 1011 1558 1175 1608; x_wconf 88' lang='lat' dir='ltr'><strong>brevior,</strong></span> <span class='ocrx_word' id='word_1_204' title='bbox 1194 1565 1263 1597; x_wconf 91' lang='lat' dir='ltr'><strong>aut</strong></span> <span class='ocrx_word' id='word_1_205' title='bbox 1285 1559 1371 1598; x_wconf 91' lang='lat' dir='ltr'><strong>lon-</strong></span> 
     </span>
     <span class='ocr_line' id='line_1_28' title="bbox 256 1612 1372 1665; baseline 0 -14"><span class='ocrx_word' id='word_1_206' title='bbox 256 1614 351 1664; x_wconf 86' lang='lat' dir='ltr'><strong>gior.</strong></span> <span class='ocrx_word' id='word_1_207' title='bbox 381 1612 466 1651; x_wconf 80' lang='lat' dir='ltr'><strong>Nec</strong></span> <span class='ocrx_word' id='word_1_208' title='bbox 484 1627 571 1652; x_wconf 88' lang='lat' dir='ltr'><strong>vero</strong></span> <span class='ocrx_word' id='word_1_209' title='bbox 589 1614 799 1652; x_wconf 87' lang='lat' dir='ltr'><strong>multitudo</strong></span> <span class='ocrx_word' id='word_1_210' title='bbox 815 1613 931 1665; x_wconf 67' lang='lat' dir='ltr'><strong>pedes</strong></span> <span class='ocrx_word' id='word_1_211' title='bbox 944 1613 1064 1661; x_wconf 84' lang='lat' dir='ltr'><strong>novit,</strong></span> <span class='ocrx_word' id='word_1_212' title='bbox 1083 1625 1154 1652; x_wconf 88' lang='grc'>1188</span> <span class='ocrx_word' id='word_1_213' title='bbox 1180 1613 1280 1651; x_wconf 87' lang='grc'>111105</span> <span class='ocrx_word' id='word_1_214' title='bbox 1297 1626 1372 1652; x_wconf 87' lang='grc'>1111-</span> 
     </span>
     <span class='ocr_line' id='line_1_29' title="bbox 257 1666 1372 1719; baseline 0.002 -15"><span class='ocrx_word' id='word_1_215' title='bbox 257 1680 382 1705; x_wconf 86' lang='lat' dir='ltr'><strong>meros</strong></span> <span class='ocrx_word' id='word_1_216' title='bbox 400 1674 526 1705; x_wconf 83' lang='lat' dir='ltr'><strong>tenet:</strong></span> <span class='ocrx_word' id='word_1_217' title='bbox 557 1681 626 1706; x_wconf 89' lang='lat' dir='ltr'><strong>nec</strong></span> <span class='ocrx_word' id='word_1_218' title='bbox 650 1667 763 1715; x_wconf 85' lang='lat' dir='ltr'><strong>illud,</strong></span> <span class='ocrx_word' id='word_1_219' title='bbox 785 1667 889 1719; x_wconf 91' lang='lat' dir='ltr'><strong>quod</strong></span> <span class='ocrx_word' id='word_1_220' title='bbox 913 1666 1083 1715; x_wconf 87' lang='lat' dir='ltr'><strong>offendit,</strong></span> <span class='ocrx_word' id='word_1_221' title='bbox 1111 1673 1179 1705; x_wconf 90' lang='lat' dir='ltr'><strong>aut</strong></span> <span class='ocrx_word' id='word_1_222' title='bbox 1201 1679 1284 1714; x_wconf 87' lang='grc'>8111·,</span> <span class='ocrx_word' id='word_1_223' title='bbox 1304 1674 1372 1706; x_wconf 86' lang='lat' dir='ltr'><strong>aut</strong></span> 
     </span>
     <span class='ocr_line' id='line_1_30' title="bbox 256 1720 1373 1774; baseline 0.001 -16"><span class='ocrx_word' id='word_1_224' title='bbox 256 1720 299 1758; x_wconf 92' lang='lat' dir='ltr'><strong>in</strong></span> <span class='ocrx_word' id='word_1_225' title='bbox 317 1734 394 1772; x_wconf 91' lang='lat' dir='ltr'><strong>quo</strong></span> <span class='ocrx_word' id='word_1_226' title='bbox 414 1721 594 1770; x_wconf 84' lang='lat' dir='ltr'><strong>offendat,</strong></span> <span class='ocrx_word' id='word_1_227' title='bbox 614 1722 795 1773; x_wconf 86' lang='lat' dir='ltr'><strong>intelligit</strong></span> <span class='ocrx_word' id='word_1_228' title='bbox 806 1736 818 1760; x_wconf 70' lang='grc' dir='ltr'><strong><em>ε</em></strong></span> <span class='ocrx_word' id='word_1_229' title='bbox 853 1729 891 1760; x_wconf 86' lang='grc'><strong>81</strong></span> <span class='ocrx_word' id='word_1_230' title='bbox 908 1728 1038 1760; x_wconf 87' lang='lat' dir='ltr'><strong>tamen</strong></span> <span class='ocrx_word' id='word_1_231' title='bbox 1055 1721 1231 1759; x_wconf 88' lang='lat' dir='ltr'><strong>omnium</strong></span> <span class='ocrx_word' id='word_1_232' title='bbox 1247 1721 1373 1774; x_wconf 88' lang='lat' dir='ltr'><strong>longi-</strong></span> 
     </span>
     <span class='ocr_line' id='line_1_31' title="bbox 258 1775 1375 1827; baseline 0.001 -14"><span class='ocrx_word' id='word_1_233' title='bbox 258 1775 440 1813; x_wconf 89' lang='lat' dir='ltr'><strong>tudinum</strong></span> <span class='ocrx_word' id='word_1_234' title='bbox 459 1783 497 1813; x_wconf 87' lang='lat' dir='ltr'><strong>et</strong></span> <span class='ocrx_word' id='word_1_235' title='bbox 514 1776 745 1814; x_wconf 80' lang='lat' dir='ltr'><strong>brevitatum</strong></span> <span class='ocrx_word' id='word_1_236' title='bbox 762 1776 805 1814; x_wconf 92' lang='lat' dir='ltr'><strong>in</strong></span> <span class='ocrx_word' id='word_1_237' title='bbox 823 1775 938 1823; x_wconf 86' lang='lat' dir='ltr'><strong>sonis,</strong></span> <span class='ocrx_word' id='word_1_238' title='bbox 958 1776 1055 1814; x_wconf 90' lang='lat' dir='ltr'><strong>sicut</strong></span> <span class='ocrx_word' id='word_1_239' title='bbox 1072 1782 1270 1813; x_wconf 77' lang='lat' dir='ltr'><strong>acutarum</strong></span> <span class='ocrx_word' id='word_1_240' title='bbox 1287 1789 1375 1827; x_wconf 85' lang='lat' dir='ltr'><strong>gra-</strong></span> 
     </span>
     <span class='ocr_line' id='line_1_32' title="bbox 259 1829 1375 1882; baseline 0.003 -16"><span class='ocrx_word' id='word_1_241' title='bbox 259 1829 445 1880; x_wconf 82' lang='lat' dir='ltr'><strong>viumque</strong></span> <span class='ocrx_word' id='word_1_242' title='bbox 471 1842 623 1878; x_wconf 82' lang='lat' dir='ltr'><strong>vocum,</strong></span> <span class='ocrx_word' id='word_1_243' title='bbox 650 1830 842 1880; x_wconf 88' lang='lat' dir='ltr'><strong>judicium</strong></span> <span class='ocrx_word' id='word_1_244' title='bbox 872 1829 956 1882; x_wconf 90' lang='lat' dir='ltr'><strong>ipsa</strong></span> <span class='ocrx_word' id='word_1_245' title='bbox 986 1836 1124 1868; x_wconf 86' lang='lat' dir='ltr'><strong>natura</strong></span> <span class='ocrx_word' id='word_1_246' title='bbox 1149 1829 1191 1868; x_wconf 91' lang='lat' dir='ltr'><strong>in</strong></span> <span class='ocrx_word' id='word_1_247' title='bbox 1217 1830 1375 1869; x_wconf 87' lang='lat' dir='ltr'><strong>auribus</strong></span> 
     </span>
     <span class='ocr_line' id='line_1_33' title="bbox 260 1882 1434 1922; baseline 0 -2"><span class='ocrx_word' id='word_1_248' title='bbox 260 1882 399 1921; x_wconf 87' lang='lat' dir='ltr'><strong>nostris</strong></span> <span class='ocrx_word' id='word_1_249' title='bbox 418 1883 627 1922; x_wconf 79' lang='lat' dir='ltr'><strong>collocavit.</strong></span> <span class='ocrx_word' id='word_1_250' title='bbox 1430 1915 1434 1920; x_wconf 79' lang='lat'><strong>.</strong></span> 
     </span>
    </p>

    <p class='ocr_par' dir='ltr' id='par_1_5' title="bbox 263 1936 1435 2206">
     <span class='ocr_line' id='line_1_34' title="bbox 317 1936 1377 1989; baseline 0.002 -15"><span class='ocrx_word' id='word_1_251' title='bbox 317 1936 416 1974; x_wconf 86' lang='lat' dir='ltr'><strong>LII.</strong></span> <span class='ocrx_word' id='word_1_252' title='bbox 445 1937 566 1976; x_wconf 89' lang='lat' dir='ltr'><strong>Visne</strong></span> <span class='ocrx_word' id='word_1_253' title='bbox 584 1937 715 1989; x_wconf 88' lang='lat' dir='ltr'><strong>igitur,</strong></span> <span class='ocrx_word' id='word_1_254' title='bbox 736 1938 872 1986; x_wconf 89' lang='lat' dir='ltr'><strong>Brute,</strong></span> <span class='ocrx_word' id='word_1_255' title='bbox 891 1944 1018 1977; x_wconf 85' lang='lat' dir='ltr'><strong>totum</strong></span> <span class='ocrx_word' id='word_1_256' title='bbox 1041 1937 1146 1975; x_wconf 89' lang='lat' dir='ltr'><strong>hunc</strong></span> <span class='ocrx_word' id='word_1_257' title='bbox 1168 1936 1295 1976; x_wconf 88' lang='lat' dir='ltr'><strong>locum</strong></span> <span class='ocrx_word' id='word_1_258' title='bbox 1314 1949 1377 1976; x_wconf 87' lang='lat' dir='ltr'><strong>ac-</strong></span> 
     </span>
     <span class='ocr_line' id='line_1_35' title="bbox 263 1990 1377 2043; baseline 0.003 -15"><span class='ocrx_word' id='word_1_259' title='bbox 263 1990 431 2029; x_wconf 84' lang='lat' dir='ltr'><strong>curatius</strong></span> <span class='ocrx_word' id='word_1_260' title='bbox 460 1991 576 2029; x_wconf 87' lang='lat' dir='ltr'><strong>etiam</strong></span> <span class='ocrx_word' id='word_1_261' title='bbox 607 1992 855 2043; x_wconf 81' lang='lat' dir='ltr'><strong>explicemus,</strong></span> <span class='ocrx_word' id='word_1_262' title='bbox 886 2005 1005 2043; x_wconf 89' lang='lat' dir='ltr'><strong>quam</strong></span> <span class='ocrx_word' id='word_1_263' title='bbox 1031 1991 1092 2029; x_wconf 90' lang='lat' dir='ltr'><strong>illi</strong></span> <span class='ocrx_word' id='word_1_264' title='bbox 1115 1990 1205 2043; x_wconf 61' lang='lat' dir='ltr'><strong>ipsi,</strong></span> <span class='ocrx_word' id='word_1_265' title='bbox 1237 1991 1308 2042; x_wconf 92' lang='lat' dir='ltr'><strong>qui</strong></span> <span class='ocrx_word' id='word_1_266' title='bbox 1338 1999 1377 2031; x_wconf 86' lang='lat' dir='ltr'><strong>et</strong></span> 
     </span>
     <span class='ocr_line' id='line_1_36' title="bbox 263 2044 1375 2092; baseline 0.002 -10"><span class='ocrx_word' id='word_1_267' title='bbox 263 2044 346 2083; x_wconf 86' lang='lat' dir='ltr'><strong>haec</strong></span> <span class='ocrx_word' id='word_1_268' title='bbox 364 2051 402 2083; x_wconf 89' lang='lat' dir='ltr'><strong>et</strong></span> <span class='ocrx_word' id='word_1_269' title='bbox 421 2045 497 2083; x_wconf 88' lang='lat' dir='ltr'><strong>alia</strong></span> <span class='ocrx_word' id='word_1_270' title='bbox 514 2045 624 2083; x_wconf 88' lang='lat' dir='ltr'><strong>nobis</strong></span> <span class='ocrx_word' id='word_1_271' title='bbox 643 2045 880 2084; x_wconf 82' lang='lat' dir='ltr'><strong>tradiderunt</strong></span> <span class='ocrx_word' id='word_1_272' title='bbox 893 2048 911 2084; x_wconf 72' lang='grc' dir='ltr'><strong><em>ἓ</em></strong></span> <span class='ocrx_word' id='word_1_273' title='bbox 940 2059 990 2084; x_wconf 83' lang='lat' dir='ltr'><strong>an</strong></span> <span class='ocrx_word' id='word_1_274' title='bbox 1013 2044 1074 2083; x_wconf 90' lang='lat' dir='ltr'><strong>his</strong></span> <span class='ocrx_word' id='word_1_275' title='bbox 1098 2045 1265 2083; x_wconf 87' lang='lat' dir='ltr'><strong>contenti</strong></span> <span class='ocrx_word' id='word_1_276' title='bbox 1282 2057 1375 2092; x_wconf 78' lang='grc'>8558,</span> 
     </span>
     <span class='ocr_line' id='line_1_37' title="bbox 264 2098 1435 2193; baseline 0.003 -57"><span class='ocrx_word' id='word_1_277' title='bbox 264 2112 353 2150; x_wconf 85' lang='lat' dir='ltr'><strong>quae</strong></span> <span class='ocrx_word' id='word_1_278' title='bbox 370 2100 418 2137; x_wconf 87' lang='lat' dir='ltr'><strong>ab</strong></span> <span class='ocrx_word' id='word_1_279' title='bbox 437 2099 514 2137; x_wconf 90' lang='lat' dir='ltr'><strong>illis</strong></span> <span class='ocrx_word' id='word_1_280' title='bbox 533 2098 634 2137; x_wconf 89' lang='lat' dir='ltr'><strong>dicta</strong></span> <span class='ocrx_word' id='word_1_281' title='bbox 653 2107 756 2147; x_wconf 87' lang='lat' dir='ltr'><strong>sunt,</strong></span> <span class='ocrx_word' id='word_1_282' title='bbox 776 2101 1009 2151; x_wconf 87' lang='lat' dir='ltr'><strong>possumus?</strong></span> <span class='ocrx_word' id='word_1_283' title='bbox 1039 2098 1115 2138; x_wconf 88' lang='lat' dir='ltr'><strong>Sed</strong></span> <span class='ocrx_word' id='word_1_284' title='bbox 1127 2098 1227 2160; x_wconf 77' lang='lat' dir='ltr'><strong>quid</strong></span> <span class='ocrx_word' id='word_1_285' title='bbox 1235 2112 1384 2193; x_wconf 66' lang='grc'>(1111818,</span> <span class='ocrx_word' id='word_1_286' title='bbox 1424 2104 1435 2140; x_wconf 66' lang='lat' dir='ltr'><strong>i</strong></span> 
     </span>
     <span class='ocr_line' id='line_1_38' title="bbox 266 2147 1433 2206; baseline 0.002 -15"><span class='ocrx_word' id='word_1_287' title='bbox 266 2152 439 2193; x_wconf 82' lang='lat' dir='ltr'><strong>velisne?</strong></span> <span class='ocrx_word' id='word_1_288' title='bbox 468 2165 557 2193; x_wconf 88' lang='lat' dir='ltr'><strong>cum</strong></span> <span class='ocrx_word' id='word_1_289' title='bbox 575 2153 692 2194; x_wconf 85' lang='lat' dir='ltr'><strong>literis</strong></span> <span class='ocrx_word' id='word_1_290' title='bbox 710 2153 800 2205; x_wconf 81' lang='lat' dir='ltr'><strong>tuis,</strong></span> <span class='ocrx_word' id='word_1_291' title='bbox 828 2153 1078 2194; x_wconf 88' lang='lat' dir='ltr'><strong>eruditissime</strong></span> <span class='ocrx_word' id='word_1_292' title='bbox 1102 2152 1263 2206; x_wconf 85' lang='lat' dir='ltr'><strong>scriptis,</strong></span> <span class='ocrx_word' id='word_1_293' title='bbox 1281 2160 1319 2193; x_wconf 86' lang='lat' dir='ltr'><strong>te</strong></span> <span class='ocrx_word' id='word_1_294' title='bbox 1342 2153 1384 2193; x_wconf 86' lang='lat' dir='ltr'><strong>id</strong></span> <span class='ocrx_word' id='word_1_295' title='bbox 1424 2147 1433 2200; x_wconf 62' lang='lat' dir='ltr'><strong>i</strong></span> 
     </span>
    </p>
   </div>
   <div class='ocr_carea' id='block_1_3' title="bbox 1410 2220 1434 2396">
    <p class='ocr_par' dir='ltr' id='par_1_6' title="bbox 1410 2220 1434 2396">
     <span class='ocr_line' id='line_1_39' title="bbox 1410 2220 1434 2396; baseline 0 0"><span class='ocrx_word' id='word_1_296' title='bbox 1410 2220 1434 2396; x_wconf 62' lang='lat'><strong>,1³</strong></span> 
     </span>
    </p>
   </div>
  </div>
 </body>
</html>
