1466 2458
237 132 289 172 42
556 131 812 181 ORATOR,
844 132 947 172 CAP.
969 133 1033 172 45.

241 242 481 294 conjungere.
512 241 560 280 In
579 254 657 293 quo
675 241 830 294 quidam
851 241 966 280 etiam
980 240 1280 291 Theopompum
1291 252 1351 278 re-

241 292 498 347 prehendunt,
514 296 618 348 quod
636 309 697 334 eas
713 296 840 334 literas
851 302 957 334 tanto
968 307 1080 347 opere
1092 294 1233 344 fugerit
1248 307 1261 340 ς
1281 293 1352 332 etsi

241 349 283 387 id
300 350 481 402 magister
499 351 580 400 ejus
598 350 791 389 Isocrates.
827 350 886 388 At
904 361 981 388 non
1003 347 1249 399 Thucydides
1261 362 1273 386 z
1301 359 1352 386 ne

242 404 308 442 ine
326 404 496 456 quidem,
514 404 620 442 haud
636 404 753 455 paulo
770 405 893 454 major
918 403 1087 454 scriptor,
1109 401 1246 440 Plato:
1281 413 1353 440 nec

243 459 370 496 solum
395 458 436 496 in
462 458 523 496 his
548 458 784 496 sermonibus
807 458 874 509 qui
897 456 1053 508 Dialogi
1070 456 1249 494 dicuntur
1267 454 1353 500 (ubi

243 512 360 550 etiam
378 512 425 551 de
442 512 629 550 industria
645 512 686 549 id
704 512 920 550 faciendum
938 511 1044 559 fuit),
1074 510 1140 549 sed
1163 510 1204 548 in
1228 522 1353 562 popu-

242 566 315 604 lari
332 566 513 614 oratione,
539 566 617 617 qu&
639 578 723 604 mos
748 574 804 603 est
828 565 994 604 Athenis
1018 563 1168 603 laudari
1193 563 1236 602 in
1263 575 1353 602 con-

242 620 350 659 cione
368 633 444 670 eos,
464 620 531 672 qui
542 620 618 658 sint
635 620 675 657 in
693 619 832 670 proeliis
850 618 1061 664 interfecti3
1091 631 1179 671 quae
1196 617 1249 656 sic
1265 629 1354 669 pro-

242 675 334 712 bata
351 682 420 723 est,
440 682 484 712 ut
501 687 586 712 eam
605 674 822 725 quotannis,
848 681 892 712 ut
917 674 1002 722 scis,
1026 673 1094 710 illo
1118 672 1181 710 die
1205 671 1353 712 recitari

242 741 392 768 necesse
410 728 468 766 sit.
499 728 549 766 In
574 728 619 766 ea
644 735 698 765 est
725 729 854 766 crebra
880 727 953 766 ista
979 739 1116 765 vocum
1143 725 1352 773 concursio,

243 795 362 834 quam
380 782 523 834 magna
542 795 589 822 ex
606 789 727 835 parte,
746 788 791 820 ut
807 781 996 832 vitiosam,
1010 780 1111 833 fugit
1125 779 1354 820 Demosthe-

241 848 320 877 nes.

295 890 428 930 XLV.
449 890 525 929 Sed
545 890 669 929 Graeci
687 889 848 929 viderint
865 903 876 936 ς
906 889 1029 939 nobis,
1048 901 1097 928 ne
1109 888 1140 928 si
1154 887 1354 940 cupiamus

242 945 414 996 quidem,
434 944 639 983 distrahere
656 957 764 982 voces
782 943 1010 983 conceditur.
1045 943 1224 981 Indicant
1241 941 1355 980 orati·
1409 982 1412 986 ,

242 1012 332 1037 ones
361 999 438 1037 illae
466 999 558 1050 ipsae
587 998 791 1037 horriduiae
819 997 994 1036 Catonis:
1029 997 1199 1036 indicant
1223 1008 1357 1034 omnes

242 1057 378 1104 pothae,
411 1061 548 1105 praeter
577 1065 652 1100 eos,
683 1052 765 1105 qui,
799 1060 843 1091 ut
869 1065 1022 1091 versum
1048 1051 1227 1101 facerent,
1256 1062 1356 1102 saepe

241 1107 426 1146 hiabant:
457 1113 500 1145 ut
519 1107 692 1156 Naevius,

296 1183 325 1204 ‘⁶
345 1181 723 1274 V083d3111ni‘accolitis
755 1179 900 1220 Istrum
932 1179 1111 1229 fluvium,
1136 1186 1252 1232 atque
1278 1178 1354 1217 Al·

402 1249 443 1288 gi
567 1263 664 1276 ......

242 1324 280 1356 et
296 1315 455 1366 ibidem,

298 1393 327 1414 “
347 1391 479 1440 Quam
492 1403 695 1445 nunquam
707 1391 814 1431 vobis
829 1389 951 1440 Graii,
964 1396 1079 1443 atque
1096 1388 1340 1430 Barbari”...

245 1485 283 1518 et
302 1478 455 1517 Ennius
473 1478 604 1526 semel,

300 1555 330 1576 “
349 1553 477 1606 Scipio
495 1553 660 1592 invicte”
666 1581 765 1594 ......

242 1649 280 1682 et
297 1641 454 1696 quidem
471 1654 554 1692 nos,

299 1720 328 1742 “
344 1718 432 1758 Hoc
449 1725 559 1758 motu
577 1718 759 1758 radiantis
776 1717 917 1759 Etesiae
934 1717 976 1757 in
994 1715 1092 1757 vada
1108 1715 1251 1769 ponti”
1255 1744 1355 1755 ......

245 1811 335 1850 Hoc
358 1810 460 1849 idem
485 1810 604 1849 nostri
628 1809 766 1863 saepius
788 1821 867 1849 non
891 1809 1081 1857 tulissent,
1107 1806 1211 1859 quod
1234 1806 1360 1845 Graeci

244 1865 401 1904 laudare
427 1865 542 1903 etiam
570 1865 703 1903 solent.
745 1864 823 1903 Sed
848 1863 944 1916 quid
969 1875 1040 1914 ego
1064 1861 1210 1900 vocaloe
1223 1862 1242 1899 Ρ
1279 1860 1361 1898 sine

243 1920 438 1959 vocalibus
456 1932 569 1970 saepe,
587 1918 780 1957 brevitatis
797 1917 925 1966 causa,
945 1915 1231 1962 contrahebant,
1246 1921 1291 1952 ut
1308 1913 1364 1952 ita

245 1974 426 2021 dicerent,
446 1973 574 2011 ‘multi’
587 1974 723 2020 modis,
744 1973 824 2011 ταδ’
843 1972 1052 2022 argenteis,
1054 1969 1172 2022 pass'
1185 1973 1222 2006 et
1239 1969 1361 2006 crini-

245 2030 328 2075 bus,
355 2027 456 2065 tecti'
465 2027 626 2078 fractis.
666 2026 774 2074 Quid
799 2038 886 2064 vero
910 2024 1100 2071 licentius,
1120 2034 1239 2074 quam
1258 2021 1362 2073 quod

244 2081 448 2120 hominum
480 2080 596 2118 etiam
627 2081 785 2118 nomina
814 2079 1099 2123 contrahebant,
1133 2088 1211 2128 quo
1239 2082 1363 2113 essent
1438 2096 1440 2102 ι

244 2135 391 2187 aptiora
404 2136 422 2173 Ρ
450 2145 556 2183 nam,
575 2141 620 2172 ut
638 2135 821 2181 duellum,
840 2133 1003 2181 bellum,
1028 2138 1074 2169 ut
1092 2131 1193 2178 duis,
1216 2129 1289 2176 bis,
1310 2128 1363 2166 sic

244 2190 462 2236 Duellium,
489 2201 578 2226 eum
607 2188 675 2239 qui
704 2188 842 2226 Poenos
869 2187 985 2226 classe
1011 2184 1163 2230 devicit,
1190 2184 1363 2221 Bellium

236 2243 550 2292 nominaverunt,
564 2255 654 2282 cum
668 2242 876 2294 superiores
887 2239 1068 2294 appellati
1081 2244 1203 2278 essent
1215 2248 1364 2288 semper
