1466 2458
411 83 672 135 ORATOR,
702 83 810 125 CAP.
831 85 896 124 42.
1158 81 1212 120 39

92 192 206 231 hante
222 192 367 244 populo
385 192 581 242 Romano,
611 200 757 246 quanta
775 193 823 233 de
840 192 964 242 nullo,
985 191 1033 230 de
1051 189 1210 230 artificio

92 245 241 284 dicendi
257 246 376 287 literis
394 255 475 286 tam
493 249 618 287 multa
641 248 838 287 mandare·
887 247 1042 295 Quibus
1061 245 1093 284 si
1110 244 1210 284 nihil

94 299 200 338 aliud
227 302 508 353 responderem,
533 303 621 352 nisi,
652 314 716 341 me
746 303 807 340 M.
828 302 953 353 Bruto
982 313 1121 351 negare
1149 312 1211 338 ro·

92 354 200 405 ganti
217 356 396 405 noluisse,
412 357 517 406 justa
535 365 631 396 esset
649 356 856 404 excusatio,
888 369 978 395 cum
1005 363 1042 393 et
1060 353 1211 392 amicis-

94 409 192 447 simo
210 415 247 448 et
264 411 575 461 praestantissimo
604 411 699 462 viro,
731 419 767 449 et
792 419 893 450 recta
912 420 949 449 et
967 410 1127 448 honesta
1143 420 1211 459 pe-

93 462 202 512 tenti,
230 465 442 504 satisfacere
460 466 675 505 voluissem.
718 465 807 513 Sed,
828 466 859 504 si
876 465 1070 517 profiterer
1090 461 1212 514 (quod

93 517 243 556 utinam
260 532 410 570 possem
425 520 456 569 !)
476 533 539 559 me
564 520 741 559 studiosis
767 519 917 558 dicendi
941 524 1144 571 praecepta,
1173 524 1212 555 et

93 571 204 623 quasi
222 572 300 612 vias
325 588 413 626 quae
437 574 488 613 ad
506 575 763 627 eloquentiam
781 574 937 623 ferrent,
963 572 1210 619 traditurum,

94 625 181 677 quis
205 627 361 667 tandem
379 629 421 667 id
441 630 569 679 justus
588 642 716 668 rerum
735 629 941 667 aestimator
959 625 1211 679 reprehende-

91 686 150 718 ret
163 682 181 719 ἓ
209 681 316 721 Nam
335 683 422 735 quis
440 696 614 736 unquam
629 683 832 732 dubitavit,
849 683 943 734 quin
957 682 998 720 in
1013 679 1210 733 republica.

93 734 223 774 nostra
246 737 391 788 primas
419 738 637 790 eloquentia
661 738 825 777 tenuerit
849 749 1012 788 semper,
1039 734 1211 783 urbanis,

92 789 311 843 pacatisque
328 793 467 839 rebus3
498 793 695 841 secundas,
721 792 818 842 juris
845 791 1031 830 scientia?
1061 802 1151 828 cum
1170 788 1212 826 in

93 843 226 893 altera,
245 846 391 896 gratiae,
418 847 562 899 gloriae,
588 847 755 900 praesidii
780 846 995 899 plurimum
1020 851 1141 890 esset3
1171 842 1213 881 in

92 897 226 949 altera,
238 901 559 952 persecutionum,
573 902 870 954 cautionumque
882 899 1082 953 praeceptio
1096 912 1108 944 ;
1125 911 1213 950 quae

93 952 251 1004 quidem
278 954 362 1006 ipsa
385 956 576 995 auxilium
602 959 651 996 ab
677 955 896 1009 eloquentia
921 968 1020 1006 saepe
1039 960 1209 1006 peteret;

93 1006 140 1045 ea
168 1020 258 1047 vero
281 1019 533 1062 repugnante,
563 1011 629 1051 vix
654 1025 742 1050 suas
766 1010 938 1062 regiones
956 1009 1128 1060 finesque
1147 1006 1214 1045 de-

93 1059 275 1101 fenderet.
305 1064 387 1103 Cur
412 1065 532 1116 igitur
553 1067 618 1116 jus
648 1066 758 1105 civile
787 1065 919 1103 docere
949 1075 1099 1114 semper
1123 1061 1213 1113 pul-

93 1115 229 1155 chrum
258 1116 348 1166 fuit,
376 1119 659 1172 hominumque
690 1119 987 1158 clarissimorum
1016 1116 1213 1168 discipulis

93 1168 304 1210 floruerunt
322 1172 460 1212 domus
473 1187 486 1220 ;
507 1175 557 1213 ad
568 1174 773 1213 dicendum
786 1174 817 1213 si
829 1173 915 1225 quis
929 1180 1054 1222 acuat,
1068 1179 1136 1209 aut
1147 1170 1214 1208 ad-

90 1224 200 1273 juvet
217 1225 259 1263 in
274 1239 318 1265 eo
329 1227 588 1278 juventutem,
609 1229 845 1281 vituperetur
859 1230 877 1267 ἓ
907 1228 1030 1273 Nam,
1051 1226 1083 1264 si
1102 1225 1213 1263 w'tio-

93 1290 182 1317 sum
201 1286 257 1317 est
271 1280 393 1320 dicere
410 1290 556 1332 ornate,
576 1283 742 1334 pellatur
759 1282 916 1322 omnino
936 1295 957 1319 e
971 1281 1121 1320 civitate
1136 1279 1215 1318 elo-

95 1332 266 1384 quentia.
306 1334 376 1374 Sin
394 1349 440 1374 ea
457 1349 535 1375 non
548 1337 664 1375 modo
682 1350 745 1375 eos
763 1343 886 1385 ornat,
902 1348 1018 1387 penes
1032 1347 1128 1386 quos
1143 1340 1215 1382 est,

96 1387 163 1424 sed
187 1387 303 1427 etiam
325 1389 543 1430 universam
568 1391 872 1443 rempublicam;
902 1402 969 1428 cur
987 1396 1055 1427 aut
1074 1388 1217 1426 discere

96 1447 209 1492 turpe
227 1450 296 1490 est,
318 1444 423 1495 quod
441 1445 533 1483 scire
546 1445 750 1484 honestum
770 1452 850 1491 est3
880 1451 961 1493 aut,
983 1442 1088 1495 quod
1105 1444 1217 1481 ndsse

95 1495 401 1547 pulcherrimum
420 1507 488 1547 est,
509 1499 550 1537 id
568 1512 645 1538 non
663 1499 872 1551 gloriosum
890 1498 1023 1537 docere
1038 1499 1055 1535 Ρ

148 1550 290 1589 XLII.
319 1552 379 1591 At
408 1553 572 1592 alterum
601 1553 818 1592 factitatum
850 1559 920 1602 est,
954 1553 1118 1590 alterum
1150 1562 1220 1589 no-

98 1617 204 1643 vum.
234 1605 398 1645 Fateor:
429 1608 494 1646 sed
513 1607 712 1660 utriusque
730 1608 785 1646 rei
809 1620 923 1646 causa
949 1613 1015 1645 est.
1062 1605 1220 1644 Alteros

98 1658 204 1701 enim
221 1660 490 1712 respondentes
516 1662 648 1702 audire
674 1668 732 1700 sat
757 1669 850 1711 erat,
876 1668 922 1699 ut
946 1661 988 1710 ii,
1016 1659 1084 1712 qui
1109 1659 1220 1698 doce-

98 1721 198 1763 rent,
217 1714 372 1753 nullum
384 1715 455 1754 sibi
470 1716 519 1754 ad
534 1729 620 1755 eam
630 1729 712 1755 rem
726 1724 879 1768 tempus
893 1715 968 1767 ipsi
981 1721 1219 1766 seponerent,

101 1766 168 1804 sed
198 1768 332 1807 eodem
360 1776 532 1822 tempore
561 1778 598 1809 et
626 1770 857 1810 discentibus
884 1769 1155 1817 satisfacerent,
1184 1775 1222 1806 et

101 1821 410 1863 consulentibus:
440 1824 562 1874 alteri,
597 1838 687 1863 cum
716 1824 968 1863 domesticum
995 1830 1150 1874 tempus
1179 1822 1222 1860 in

101 1877 368 1926 cognoscendis
383 1879 730 1931 componendisque
742 1879 878 1928 causis,
891 1879 1039 1917 forense
1052 1877 1092 1916 in
1105 1889 1223 1928 agen=

102 1927 176 1978 dis,
206 1931 400 1983 reliquum
435 1933 476 1971 in
502 1947 542 1972 se
572 1934 664 1986 ipsis
695 1933 906 1974 reficiendis
939 1944 1052 1971 omne
1085 1943 1222 1969 consu-

104 1991 252 2023 merent
267 1999 279 2023 :
308 1999 425 2037 quem
442 1987 636 2027 habebant
652 1987 877 2027 instituendi
895 1994 962 2026 aut
980 1985 1141 2025 docendi
1165 1986 1223 2023 lo-

105 2049 197 2075 cum
212 2041 230 2078 ?
258 2039 394 2092 Atque
410 2041 517 2080 haud
535 2043 625 2092 scio,
645 2055 695 2080 an
713 2042 885 2094 plerique
903 2048 1120 2080 nostrorum
1139 2052 1224 2078 ora-

106 2096 235 2132 torum
252 2093 406 2146 ingenio
418 2096 506 2147 plus
520 2096 724 2147 valuerint,
740 2109 859 2148 quam
870 2094 1054 2135 doctrina„
1083 2094 1224 2147 Itaque

108 2143 167 2182 illi
182 2145 306 2187 dicere
321 2149 462 2190 melius
479 2163 598 2203 quam
616 2151 833 2204 praecipere,
845 2163 915 2191 nos
926 2157 1057 2190 contra
1069 2148 1236 2189 fortasse

111 2211 325 2251 possumus.
