1456 2396
160 99 244 139 AD
264 97 644 147 HERENNIUM,
661 97 761 136 Lm.
778 96 838 136 ΙΙ.
860 95 964 136 cst.
985 97 1046 134 14.
1090 96 1166 136 169

56 215 241 259 ageretur,
258 207 450 256 judicium
464 205 629 244 reddidit
644 219 656 251 ς
688 206 727 244 S.
744 205 877 243 Julius
895 214 973 243 non
990 203 1166 243 reddidit.

58 261 172 307 Item,
193 261 238 299 C.
252 261 392 299 Caelius
407 260 528 310 judex
547 259 708 298 absolvit
727 260 957 308 injuriarum
976 271 1079 305 eum,
1101 258 1168 309 qui

58 314 253 352 Lucilium
279 319 432 365 poetam
459 314 500 351 in
527 314 638 351 scen&
663 314 891 351 nominatim
919 313 1089 357 laeserat;
1121 312 1167 348 P.

56 367 214 406 Mucius
233 380 337 415 eum,
359 368 426 419 qui
451 367 500 404 L.
519 368 687 405 Accium
712 371 867 418 poetam
890 367 1166 413 nominaverat,

56 421 333 459 condemnavit.
362 422 482 472 Ergo,
499 421 591 472 quia
608 428 767 472 possunt
781 434 839 458 res
860 421 975 458 simili
994 420 1040 458 de
1056 418 1170 458 caus&

57 474 288 512 dissimiliter
311 474 491 524 judicatae
514 474 702 526 proferri;
732 487 820 512 cum
846 474 886 512 id
911 488 983 512 usu
1011 473 1168 521 venerit,

54 528 222 577 judicem
235 541 324 567 cum
340 529 481 578 judice,
495 536 645 580 tempus
660 541 749 567 cum
763 536 947 579 tempore,
963 539 1171 566 numerum

59 595 148 620 cum
166 595 326 620 numero
341 583 573 632 judiciorum
602 581 893 634 [conferemus]
923 582 988 620 Ex
1009 594 1117 633 aequo
1137 587 1174 618 et

57 637 158 674 bono
181 638 245 686 jus
272 644 429 685 constat,
460 636 563 688 quod
591 637 640 674 ad
669 637 866 675 veritatem
899 643 938 674 et
966 635 1172 673 utilitatem

58 702 302 728 communem
332 691 481 729 videtur
513 691 727 742 pertinere;
766 690 870 741 quod
901 702 1035 741 genus,
1068 691 1095 711 ‘⁶
1116 688 1172 726 Ut

59 745 182 793 major
207 745 315 782 annis
334 744 427 793 LX,
448 751 484 783 et
510 745 571 782 cui
595 745 752 782 morbus
778 756 890 782 causa
916 752 984 791 est,
1005 742 1173 793 cognito-

59 810 141 835 rem
160 797 263 836 det.''
291 798 357 835 Ex
383 811 426 836 eo
451 799 511 836 vel
535 811 680 836 novum
703 800 769 847 jus
795 798 973 836 constitui
999 795 1174 835 convenit

61 863 109 888 ex
126 858 296 902 tempore
314 858 351 890 et
368 852 535 890 hominis
554 852 750 903 dignitate.
791 852 856 889 Ex
881 859 991 902 pacto
1016 852 1080 900 jus
1103 856 1172 896 est,

61 906 89 926 “
111 905 152 942 Si
171 905 240 956 qui
256 905 353 943 inter
372 919 410 943 se
428 906 655 957 pepigerunt
669 906 708 943 :”
740 907 768 928 ‘⁶
789 906 831 944 Si
850 905 944 956 quid
961 905 1060 942 inter
1079 916 1174 956 quos

62 959 277 997 convenit.'’
307 960 425 997 Pacta
443 968 544 1007 sunt,
559 973 646 1010 quae
659 959 807 1010 legibus
822 958 1056 997 observanda
1069 964 1172 1004 sunt,

60 1012 131 1050 hoc
159 1013 300 1058 modo3
343 1016 370 1036 ‘⁶
391 1014 493 1051 Rem
512 1014 580 1051 ubi
598 1020 758 1064 pagunt,
780 1020 907 1051 orato:
939 1013 981 1050 ni
1010 1018 1172 1063 pagunt,

60 1065 101 1103 in
120 1066 271 1104 comitio
301 1074 367 1105 aut
390 1067 431 1104 in
456 1067 538 1105 foro
565 1075 654 1105 ante
680 1067 880 1104 meridiem
907 1079 1059 1104 causam
1086 1078 1175 1104 con-

61 1119 190 1158 icito.''
211 1120 310 1158 Sunt
321 1121 413 1159 item
427 1129 550 1172 pacta,
568 1135 654 1172 quae
673 1121 753 1159 sine
766 1121 915 1171 legibus
930 1122 1177 1159 observantur

61 1187 108 1212 ex
127 1182 329 1222 conventu,
344 1188 430 1225 quae
445 1176 531 1224 jure
549 1183 728 1226 praestare
738 1175 930 1213 dicuntur.
963 1174 1038 1212 His
1057 1174 1176 1224 igitur

62 1227 234 1278 partibus
252 1227 434 1277 injuriam
449 1229 711 1276 demonstrari,
724 1231 788 1278 jus
807 1228 1022 1267 confirmari
1041 1240 1176 1265 conve-

64 1281 147 1326 nit;
177 1281 292 1333 idque
305 1281 346 1318 in
365 1282 539 1320 absolut&
554 1283 758 1331 juridiciali
777 1282 995 1321 faciendum
1013 1281 1175 1319 videtur.

116 1334 235 1373 XIV.
265 1335 368 1373 Cum
387 1349 434 1373 ex
453 1337 732 1386 comparatione
747 1343 950 1387 quaeretur,
965 1343 1098 1373 utrum
1118 1349 1177 1373 sa-

64 1388 140 1426 tius
158 1388 273 1426 fuerit
291 1402 400 1440 agere
419 1389 459 1426 id
477 1390 581 1441 quod
598 1403 684 1428 reus
709 1391 809 1428 dicat
835 1403 873 1428 se
897 1390 1041 1437 fecisse,
1062 1402 1111 1427 an
1136 1389 1177 1426 id

64 1442 168 1493 quod
187 1450 378 1481 accusator
397 1443 497 1481 dicat
514 1445 722 1494 oportuisse
736 1444 842 1490 fieri;
873 1444 1044 1495 primum
1059 1442 1179 1495 quaeri

64 1497 252 1545 convenit,
283 1503 414 1535 utrum
443 1497 558 1536 fuerit
582 1498 713 1537 utilius
740 1512 788 1536 ex
813 1497 1076 1542 contentione3
1106 1497 1179 1535 hoc

65 1557 134 1597 est,
153 1557 286 1588 utrum
300 1551 507 1600 venustius,
528 1551 690 1601 facilius,
708 1552 993 1591 conducibilius.
1024 1550 1177 1589 Deinde

65 1604 252 1654 oportebit
270 1605 403 1656 quaeri,
417 1605 603 1656 Ipsumne
621 1607 828 1658 oportuerit
843 1606 1027 1655 judicare,
1047 1613 1180 1643 utrum

67 1657 182 1695 fuerit
199 1658 345 1707 utilius,
366 1671 415 1697 an
437 1660 600 1698 aliorum
624 1660 739 1698 fuerit
765 1660 955 1698 statuendi
980 1666 1145 1711 potestas
1161 1661 1180 1698 ἓ

66 1710 218 1750 Deinde
235 1712 495 1764 interponetur
514 1716 562 1752 ab
588 1723 801 1753 accusatore
827 1714 989 1766 suspicio
1018 1727 1065 1751 ex
1091 1726 1180 1752 con-

67 1765 260 1804 stitutione
279 1768 535 1816 conjecturali,
556 1781 672 1819 quare
690 1776 849 1820 putetur
866 1781 943 1806 non
969 1767 1014 1806 e&
1035 1768 1180 1806 ratione

68 1818 214 1857 factum
233 1833 325 1870 esse,
346 1835 423 1872 quo
440 1822 578 1860 melius
597 1823 772 1861 deteriori
791 1829 1094 1874 anteponeretur,
1115 1821 1181 1859 sed

67 1871 156 1911 dolo
173 1874 276 1912 malo
294 1875 491 1926 negotium
509 1884 671 1927 gestum.
701 1876 854 1915 Deinde
872 1884 1077 1928 quaeretur,
1103 1875 1181 1913 Po-

69 1926 234 1965 tueritne
251 1927 375 1977 vitari,
396 1942 444 1968 ne
462 1930 503 1967 in
523 1943 612 1968 eum
629 1931 758 1969 locum
777 1931 967 1970 veniretur
982 1932 999 1968 ?
1027 1930 1096 1967 Ab
1115 1929 1180 1967 de-

67 1979 216 2018 fensore
234 1989 363 2020 contra
387 1983 580 2023 refelletur
605 1985 885 2036 argumentatio
904 1983 1180 2034 conjecturalis,

70 2033 202 2095 {iliqu‘it
219 2037 407 2085 probabili
426 2039 553 2087 causti,
574 2039 620 2077 de
639 2039 717 2091 qu&
735 2048 822 2078 ante
840 2039 985 2077 dictum
1005 2045 1071 2076 est.
1106 2036 1182 2074 His

69 2095 124 2125 ita
142 2089 322 2137 tractatis,
344 2099 533 2130 accusator
557 2100 685 2131 utetur
708 2094 790 2132 loco
810 2092 1005 2132 communi
1029 2092 1071 2129 in
1094 2103 1184 2129 eum

71 2141 138 2192 qui
157 2142 293 2181 inutile
311 2145 397 2182 utili
414 2147 673 2197 praeposuerit,
693 2160 781 2186 cum
801 2147 990 2186 statuendi
1015 2158 1092 2183 non
1116 2144 1186 2181 ha-

0 2224 7 2263 ,ῐ
68 2195 173 2233 beret
190 2203 428 2247 potestatem.
469 2200 671 2252 Defensor,
692 2208 822 2242 contra
846 2215 910 2241 eos
935 2200 1002 2253 qui
1029 2210 1186 2252 aequum

131 2251 330 2299 (Rhetor.)
351 2264 454 2293 vot.
478 2266 527 2293 11.
840 2265 870 2296 Q
