1456 2396
261 87 346 128 AD
367 84 753 134 HERENNIUM,
767 83 868 123 11113.
882 84 959 124 IV.
976 85 1083 124 CAP.
1097 86 1163 123 52.
1200 87 1280 131 257

144 197 309 237 Accedit
328 197 527 236 servulus:
557 194 650 234 dicit
668 194 819 233 homini
837 195 952 241 clam,
973 195 1177 234 dominum
1193 196 1277 245 jam

144 259 366 300 venturum,
383 251 415 289 si
429 251 521 289 velit
533 250 647 289 exire.
678 250 816 288 Itane.
808 259 822 277 ³
843 249 982 302 inquit.
1010 249 1176 298 Eamus,
1189 251 1278 289 hos-

141 306 266 358 pitoe·
294 306 413 345 frater
431 305 537 345 venit
556 318 604 343 ex
624 304 809 343 Salerno:
840 317 911 355 ego
936 305 995 343 1111
1019 305 1173 344 obviam
1192 319 1278 358 per-

138 374 257 412 gam:
288 374 356 400 vos
374 360 452 398 huc
471 359 637 398 decuma
652 359 829 397 venitote.
862 359 1046 422 Ilospites
1060 360 1273 399 discedunt.

141 416 276 465 Istese
302 415 445 468 raptim
471 415 635 454 domum
667 427 779 452 suam
805 414 982 464 conjicit:
1018 415 1077 453 1111
1095 415 1273 465 decuma,

138 483 218 522 quo
245 471 424 520 jusserat,
457 470 642 508 veniunt:
685 476 865 520 quaerunt
893 468 1023 518 hunc:
1063 471 1273 522 reperiunt,

138 524 279 564 domus
298 526 388 575 cuja
406 524 455 563 sit
471 539 481 562 ε
512 525 554 562 10
568 523 820 562 diversorium
836 522 949 561 derisi
965 524 1166 564 conferunt
1182 540 1272 566 sese.

139 578 289 619 Vident
305 579 506 629 hominem
524 579 678 631 postera
704 577 788 616 die:
820 586 991 624 narrant,
1013 582 1272 631 expostulant,

137 642 344 673 accusant:
374 634 430 673 ait
458 634 543 683 iste,
576 647 654 681 eos,
689 632 943 673 similitudine
972 634 1047 672 loci
1079 634 1270 687 deceptos,

137 689 341 741 angiportu
373 696 454 728 toto
491 688 708 743 deerrasse:
753 701 807 736 se,
842 696 974 726 contra
1012 689 1273 730 valetudinem

137 757 265 792 suam,
303 744 354 782 ad
392 750 544 782 noctem
582 743 750 781 multam
788 743 1036 795 exspectasse.
1086 745 1273 784 Sannioni

137 812 259 850 puero
277 798 478 851 negotium
497 798 668 847 dederat,
689 806 733 836 ut
752 811 856 846 vasa,
878 798 1118 846 vestimenta,
1135 813 1273 852 pueros

136 862 364 905 corrogaret.
395 853 581 893 servulus
608 865 686 891 non
706 853 921 891 inurbanus
948 853 1038 891 satis
1065 862 1217 893 strenue
1237 865 1273 894 et

135 908 322 948 concinne
355 916 576 960 comparat:
608 908 679 946 1518
708 907 877 959 hospites
908 907 1070 946 domum
1104 909 1271 949 deducit.

137 962 211 1001 Ait
231 977 270 1002 se
290 962 389 1002 aedes
407 963 601 1002 maximas
620 962 776 1001 cuidam
795 963 920 1001 amico
935 962 984 1000 ad
999 964 1154 1015 nuptias
1170 978 1274 1003 com-

134 1017 322 1057 modasse.
368 1018 539 1057 Nuntiat
563 1031 674 1069 puer,
695 1027 899 1068 argentum
920 1018 1040 1069 repeti
1069 1020 1273 1071 (pertimu-

135 1080 216 1111 erat
235 1073 354 1120 enim,
376 1073 445 1126 qui
464 1073 758 1119 commod-arat),
789 1072 983 1124 Apagete,
1005 1073 1151 1126 inquit:
1175 1075 1275 1116 aedes

134 1128 392 1176 commodavi,
413 1128 604 1166 familiam
625 1127 741 1165 dedi:
764 1136 969 1179 argentum
988 1142 1144 1181 quoque
1160 1131 1271 1170 vult?

135 1181 312 1221 Tametsi
342 1183 512 1235 hospites
543 1183 681 1229 habeo,
717 1190 847 1220 tamen
879 1190 1010 1221 utatur
1047 1184 1165 1230 licet,
1155 1199 1164 1208 ·
1203 1198 1273 1224 nos

135 1237 277 1277 Samiis
295 1238 585 1278 delectabimur.
616 1236 727 1285 Quid
746 1250 832 1288 ego,
853 1251 942 1289 quae
960 1237 1099 1277 deinde
1119 1239 1270 1287 efficiat,

135 1295 322 1332 narrem?
367 1292 577 1342 Ejusmodi
610 1300 666 1330 est
698 1291 868 1330 hominis
900 1299 1054 1339 natura,
1090 1303 1147 1341 111,
1184 1309 1273 1347 quae

135 1346 298 1398 singulis
318 1347 453 1386 diebus
472 1347 610 1386 efficiat
638 1346 761 1398 gloria
788 1354 905 1408 atque
931 1348 1198 1397 ostentatione,
1228 1363 1274 1389 ea

136 1400 204 1439 vix
234 1414 365 1441 annuo
396 1414 571 1441 sermone
601 1414 777 1440 enarrare
806 1402 962 1453 possim.
967 1402 992 1419 ''
1031 1403 1272 1467 Hujusmodi

135 1456 364 1506 0013110085,
398 1471 486 1509 quae
512 1456 747 1504 describunt,
776 1456 872 1507 quid
898 1466 1198 1498 consentaneum
1225 1460 1274 1498 sit

135 1511 442 1564 uniuscujusque
461 1519 625 1559 naturae,
647 1511 893 1550 vehementer
918 1511 1065 1551 habent
1084 1526 1269 1565 magnam

133 1565 452 1605 delectationem.
484 1574 605 1605 totam
633 1566 737 1604 enim
765 1574 946 1604 naturam
965 1568 1181 1620 cujuspiam
1204 1583 1272 1622 po-

133 1628 234 1659 nunt
251 1630 341 1660 ante
359 1621 506 1683 oculos,
524 1629 592 1659 aut
611 1620 780 1672 gloriosi,
802 1628 846 1660 111
861 1634 943 1659 nos.
961 1624 1130 1675 exempli
1143 1637 1272 1672 causa,

136 1688 388 1727 coeperamus,
409 1685 477 1714 aut
496 1675 632 1723 invidi,
654 1684 722 1714 aut
749 1675 890 1725 timidi,
912 1684 980 1714 aut
1006 1679 1125 1723 avari,
1147 1680 1273 1717 ambi-

136 1730 237 1779 tiosi,
286 1731 483 1777 amatoris,
526 1731 732 1779 luxuriosi,
777 1730 889 1777 furis,
933 1732 1270 1785 quadruplatoris:

135 1785 304 1838 denique
323 1786 493 1836 cujusvis
507 1785 683 1824 studium
696 1786 869 1837 protrahi
889 1794 1013 1838 potest
1032 1787 1072 1826 in
1098 1788 1275 1828 medium

136 1839 205 1878 tali
223 1840 432 1880 notatione.

190 1894 289 1933 LII.
319 1895 597 1935 Sermocinatio
616 1902 687 1942 est,
708 1907 798 1934 cum
819 1895 935 1934 alicui
953 1909 1126 1947 personae
1146 1911 1272 1936 sermo

135 1949 376 1999 attribuitur,
407 1957 445 1989 et
473 1951 507 1989 is
537 1950 744 2002 exponitur
769 1963 860 1989 cum
885 1951 1032 1990 ratione
1058 1952 1272 2004 dignitatis,

134 2004 209 2043 hoc
239 2012 352 2056 pacto
366 2019 378 2043 ι
420 2006 450 2027 “
471 2004 575 2044 Cum
607 2004 798 2043 militibus
831 2006 924 2044 urbs
956 2006 1203 2054 redundaret,
1236 2016 1274 2046 et

134 2071 270 2098 omnes
289 2059 427 2098 timore
445 2059 615 2112 oppressi
634 2059 741 2097 domi
760 2060 1060 2109 continerentur,
1082 2062 1186 2100 venit
1204 2061 1276 2100 iste

135 2126 227 2153 cum
247 2127 354 2166 sago,
374 2114 504 2166 gladio
524 2114 753 2161 succinctus,
774 2122 909 2154 tenens
924 2116 1114 2165 jaculmn.
1145 2116 1274 2164 Quin-

135 2182 214 2222 que
231 2168 489 2211 adolescentes
506 2169 707 2211 hominem
727 2169 846 2210 simili
864 2178 1004 2210 ornatu
1031 2172 1275 2224 subsequun-

872 2237 898 2263 z
925 2225 951 2263 3
