1456 2396
183 84 266 124 AD
286 84 664 135 HERENNIUM,
685 86 786 124 Lm.
803 85 861 124 ΙΙ.
883 83 988 124 ΟΑΡ.
1013 85 1074 123 10.
1106 83 1181 122 165

77 191 280 243 probabilis
304 206 382 232 esse
406 192 608 240 videbitur,
629 192 929 245 argumentando
940 193 1054 230 famae
1067 191 1183 229 fidem

78 245 283 296 poterimus
300 249 490 297 abrogare.
521 247 639 294 Quod
657 256 693 285 et
712 247 934 285 difficillima
952 254 1111 284 tractatu
1127 252 1183 283 est

79 299 293 337 constitutio
311 301 584 349 conjecturalis,
605 309 641 338 et
659 301 699 337 in
719 302 814 338 veris
837 302 956 338 causis
979 298 1183 351 saepissime

79 352 272 390 tractanda
289 361 357 401 est,
378 366 421 391 eo
446 354 662 405 diligentius
689 366 819 392 omnes
842 355 922 402 ejus
947 362 1072 405 partes
1097 365 1182 403 per-

80 405 234 443 scrutati
260 419 417 452 sumus;
448 416 491 445 ut
514 420 562 445 ne
587 408 747 459 parvula
776 408 930 458 quidem
959 407 1183 445 titubatione

77 465 145 496 aut
172 459 374 499 offensione
401 461 685 511 impediremur,
716 461 759 508 si,
791 462 839 499 ad
868 462 967 499 hanc
996 461 1182 498 rationem

76 513 348 564 praeceptionis,
381 515 639 552 assiduitatem
672 515 946 553 exercitationis
974 526 1185 554 accommo-

77 564 282 605 dassemus.
324 568 443 606 Nunc
469 568 518 606 ad
544 569 725 619 legitimae
757 568 1032 607 constitutionis
1059 575 1184 619 partes

76 625 320 659 transeamus.

130 672 206 711 IX.
237 674 338 712 Cum
355 675 530 714 voluntas
549 677 737 728 scriptoris
751 690 839 715 cum
854 676 991 727 scripto
1005 675 1183 713 dissidere

75 725 276 776 videbitur,
297 728 329 768 si
347 742 370 766 a
388 730 524 780 scripto
543 730 726 778 dicemus,
746 731 805 769 his
823 730 914 768 locis
939 738 1105 775 utemur,
1126 741 1183 765 se-

74 780 244 819 cundum
272 783 549 821 narrationem:
579 784 749 834 primum
777 783 964 836 scriptoris
992 782 1182 821 collauda-

76 831 200 872 tione:
235 834 370 874 deinde
396 837 524 888 scripti
550 838 789 876 recitatione:
825 837 961 876 deinde
987 843 1182 888 perconta-

73 885 188 935 tione,
207 888 390 928 scirentne
409 890 609 928 adversarii
627 892 667 929 id
686 892 869 943 scriptum
887 891 1002 929 fuisse
1021 890 1061 927 in
1079 890 1177 940 lege,

72 948 141 978 aut
158 940 198 978 in
217 949 453 991 testamento,
469 952 536 982 aut
549 945 589 982 in
604 945 858 996 stipulatione,
875 953 941 982 aut
957 945 997 982 in
1013 944 1183 995 quolibet

70 993 223 1045 scripto,
244 997 346 1047 quod
372 997 420 1035 ad
446 1011 530 1036 eam
555 1011 636 1037 rem
660 1000 875 1050 pertineat?
905 998 1040 1036 deinde
1066 997 1180 1036 colla-

73 1047 188 1096 tione,
217 1050 311 1100 quid
341 1051 524 1102 scriptum
554 1052 626 1098 sit3
648 1051 742 1104 quid
761 1053 963 1091 adversarii
987 1065 1026 1090 se
1052 1051 1182 1089 fecisse

73 1099 224 1147 dioent3
266 1104 359 1155 quid
384 1105 555 1154 judicem
584 1107 692 1158 sequi
728 1107 939 1154 conveniat,
973 1114 1106 1143 utrum
1141 1104 1182 1141 id

73 1155 176 1214 quod
203 1156 402 1208 diligenter
428 1160 678 1211 perscriptum
707 1161 767 1207 sit,
796 1173 844 1198 an
870 1160 910 1197 id
943 1159 1046 1211 quod
1073 1166 1182 1196 acute

71 1215 121 1245 sit
139 1210 417 1261 excogitatum:
448 1213 582 1252 deinde
601 1227 645 1251 ea
663 1214 859 1260 sententia,
877 1227 963 1265 quae
982 1215 1029 1250 ab
1049 1213 1181 1250 adver-

71 1261 176 1300 sariis
196 1263 243 1301 sit
262 1266 486 1316 excogitata,
502 1275 538 1304 et
557 1268 694 1318 scripto
708 1268 902 1314 attributa,
919 1274 1180 1305 contemnetur

71 1321 108 1352 et
125 1315 390 1357 infirmabitur.
429 1319 580 1358 Deinde
605 1330 807 1372 quaeretur,
829 1321 923 1372 quid
948 1321 982 1359 ei
1001 1319 1178 1365 obfuerit,

69 1368 102 1406 si
126 1369 166 1407 id
185 1371 362 1410 voluisset
386 1373 607 1423 adscribere,
638 1373 773 1426 [num]
801 1388 879 1412 non
905 1374 1070 1425 potuerit
1093 1386 1180 1424 per-

69 1423 192 1461 scribi.
224 1424 374 1464 Deinde
392 1440 414 1464 a
433 1428 540 1468 nobis
559 1429 744 1469 sententia
767 1429 984 1479 reperietur,
1006 1436 1042 1465 et
1067 1439 1180 1464 causa

68 1476 292 1527 proferetur,
312 1493 429 1531 quare
446 1481 486 1518 id
504 1482 660 1533 scriptor
679 1483 847 1530 senserit,
868 1482 971 1533 quod
995 1481 1179 1532 perscrip-

70 1529 142 1568 sit:
173 1538 209 1569 et
228 1532 550 1572 demonstrabitur
569 1536 750 1586 scriptum
774 1536 873 1574 illud
899 1549 976 1574 esse
1001 1535 1178 1581 dilucide,

71 1584 246 1635 breviter,
284 1589 495 1636 commode,
533 1589 709 1639 perfecte,
745 1591 848 1628 certa
891 1602 980 1628 cum
1022 1589 1177 1626 ratione.

70 1635 221 1677 Deinde
248 1642 425 1693 exempla
448 1642 698 1693 proferentur,
719 1657 806 1694 quae
830 1656 902 1691 res,
923 1656 1012 1682 cum
1037 1643 1085 1680 ab
1111 1642 1178 1679 ad-

64 1692 238 1731 versariis
256 1696 441 1733 sententia
454 1705 490 1734 et
501 1697 675 1735 voluntas
694 1698 902 1745 afferretur,
916 1711 938 1734 a
957 1696 1094 1747 scripto
1112 1709 1180 1746 po-

69 1744 146 1783 tius
160 1746 339 1795 judicatae
356 1756 456 1787 sunt.
485 1749 636 1788 Deinde
651 1751 880 1798 ostendetur,
897 1763 1015 1802 quam
1032 1750 1180 1801 pericu-

69 1797 195 1838 losum
221 1801 270 1839 sit
296 1815 320 1840 a
346 1803 483 1854 scripto
510 1805 692 1842 recedere.
728 1805 854 1843 Locus
882 1804 1094 1842 communis
1123 1812 1178 1841 est

70 1859 200 1891 contra
224 1867 327 1904 eum,
354 1857 435 1907 qui,
455 1870 545 1895 cum
570 1858 746 1906 fateatur,
774 1872 826 1906 se,
853 1867 982 1896 contra
1007 1858 1046 1895 id
1074 1857 1178 1908 quod

68 1904 216 1964 legibus
235 1910 421 1947 sancitum
440 1919 507 1948 aut
524 1918 748 1950 testamento
769 1912 1021 1963 perscriptum
1040 1911 1101 1959 sit,
1122 1911 1177 1948 fe-

69 1969 175 2007 cisse,
195 1967 322 2000 tamen
341 1963 432 2001 facti
450 1974 595 2015 quaerat
614 1965 882 2003 defensionem.

122 2011 175 2072 X·
203 2014 245 2052 A
260 2017 443 2055 sententia
462 2018 514 2056 sic
532 2019 711 2057 dicemus.
742 2019 919 2060 Primum
933 2019 1176 2056 laudabimus

68 2068 256 2117 scnptoris
274 2071 579 2112 commoditatem
595 2081 710 2124 atque
722 2073 960 2120 brevitatem,
973 2072 1077 2123 quod
1091 2079 1174 2108 tan-

63 2125 150 2157 tum
168 2121 366 2173 scripserit,
388 2125 491 2175 quod
507 2138 656 2164 necesse
673 2126 812 2171 fuerin
842 2127 954 2173 illud,
975 2125 1077 2176 quod
1092 2124 1172 2162 sine

61 2180 198 2224 scripto
215 2175 377 2228 intelligi
394 2179 572 2230 potuerit,
597 2192 673 2219 non
699 2180 904 2219 necessario
930 2178 1171 2219 scribendum

1444 2163 1456 2334 ‘xm-*jn*
