<?xml version="1.0" encoding="UTF-8"?>
<!DOCTYPE html PUBLIC "-//W3C//DTD XHTML 1.0 Transitional//EN"
    "http://www.w3.org/TR/xhtml1/DTD/xhtml1-transitional.dtd">
<html xmlns="http://www.w3.org/1999/xhtml" xml:lang="en" lang="en">
 <head>
  <title>
</title>
<meta http-equiv="Content-Type" content="text/html;charset=utf-8" />
  <meta name='ocr-system' content='tesseract 3.04.00' />
  <meta name='ocr-capabilities' content='ocr_page ocr_carea ocr_par ocr_line ocrx_word'/>
</head>
<body>
  <div class='ocr_page' id='page_1' title='image "./operaern02ciceuoft_0220.png"; bbox 0 0 1456 2396; ppageno 0'>
   <div class='ocr_carea' id='block_1_1' title="bbox 179 121 1183 175">
    <p class='ocr_par' dir='ltr' id='par_1_1' title="bbox 179 121 1183 175">
     <span class='ocr_line' id='line_1_1' title="bbox 179 121 1183 175; baseline 0.002 -13"><span class='ocrx_word' id='word_1_1' title='bbox 179 124 260 163; x_wconf 81' lang='lat'><strong>206</strong></span> <span class='ocrx_word' id='word_1_2' title='bbox 287 124 371 163; x_wconf 90' lang='lat' dir='ltr'><strong>AD</strong></span> <span class='ocrx_word' id='word_1_3' title='bbox 391 124 770 175; x_wconf 85' lang='lat' dir='ltr'><strong>HERENNIUM,</strong></span> <span class='ocrx_word' id='word_1_4' title='bbox 788 124 980 164; x_wconf 78' lang='lat' dir='ltr'><strong>L113.111.</strong></span> <span class='ocrx_word' id='word_1_5' title='bbox 998 121 1104 170; x_wconf 68' lang='lat' dir='ltr'><strong>CA&#39;P.</strong></span> <span class='ocrx_word' id='word_1_6' title='bbox 1117 126 1183 164; x_wconf 83' lang='lat'><strong>21.</strong></span> 
     </span>
    </p>
   </div>
   <div class='ocr_carea' id='block_1_2' title="bbox 179 233 1301 2285">
    <p class='ocr_par' dir='ltr' id='par_1_2' title="bbox 179 233 1299 1150">
     <span class='ocr_line' id='line_1_2' title="bbox 181 233 1293 281; baseline 0.003 -12"><span class='ocrx_word' id='word_1_7' title='bbox 181 244 245 270; x_wconf 88' lang='lat' dir='ltr'><strong>reo</strong></span> <span class='ocrx_word' id='word_1_8' title='bbox 270 233 467 272; x_wconf 84' lang='lat' dir='ltr'><strong>hominem</strong></span> <span class='ocrx_word' id='word_1_9' title='bbox 486 246 631 272; x_wconf 90' lang='lat' dir='ltr'><strong>veneno</strong></span> <span class='ocrx_word' id='word_1_10' title='bbox 657 241 848 281; x_wconf 84' lang='lat' dir='ltr'><strong>necatum,</strong></span> <span class='ocrx_word' id='word_1_11' title='bbox 864 241 902 272; x_wconf 91' lang='lat' dir='ltr'><strong>et</strong></span> <span class='ocrx_word' id='word_1_12' title='bbox 924 233 1155 272; x_wconf 78' lang='lat' dir='ltr'><strong>haered&#39;tatis</strong></span> <span class='ocrx_word' id='word_1_13' title='bbox 1178 233 1293 272; x_wconf 65' lang='lat' dir='ltr'><strong>causa</strong></span> 
     </span>
     <span class='ocr_line' id='line_1_3' title="bbox 181 286 1294 339; baseline 0.003 -16"><span class='ocrx_word' id='word_1_14' title='bbox 181 286 327 325; x_wconf 84' lang='lat' dir='ltr'><strong>factum</strong></span> <span class='ocrx_word' id='word_1_15' title='bbox 352 289 532 339; x_wconf 81' lang='lat' dir='ltr'><strong>arguerit,</strong></span> <span class='ocrx_word' id='word_1_16' title='bbox 553 296 591 326; x_wconf 85' lang='lat' dir='ltr'><strong>et</strong></span> <span class='ocrx_word' id='word_1_17' title='bbox 615 290 697 338; x_wconf 90' lang='lat' dir='ltr'><strong>ejus</strong></span> <span class='ocrx_word' id='word_1_18' title='bbox 715 289 769 327; x_wconf 88' lang='lat' dir='ltr'><strong>rei</strong></span> <span class='ocrx_word' id='word_1_19' title='bbox 794 289 936 326; x_wconf 86' lang='lat' dir='ltr'><strong>multos</strong></span> <span class='ocrx_word' id='word_1_20' title='bbox 960 288 1099 326; x_wconf 81' lang='lat' dir='ltr'>dixerit</span> <span class='ocrx_word' id='word_1_21' title='bbox 1117 295 1227 326; x_wconf 60' lang='lat' dir='ltr'><strong>testes</strong></span> <span class='ocrx_word' id='word_1_22' title='bbox 1256 296 1294 326; x_wconf 88' lang='lat' dir='ltr'><strong>et</strong></span> 
     </span>
     <span class='ocr_line' id='line_1_4' title="bbox 179 341 1294 394; baseline 0.002 -16"><span class='ocrx_word' id='word_1_23' title='bbox 179 342 347 379; x_wconf 83' lang='lat' dir='ltr'><strong>conscios</strong></span> <span class='ocrx_word' id='word_1_24' title='bbox 367 355 444 380; x_wconf 89' lang='lat' dir='ltr'><strong>esse</strong></span> <span class='ocrx_word' id='word_1_25' title='bbox 457 357 468 379; x_wconf 77' lang='lat' dir='ltr'><strong><em>z</em></strong></span> <span class='ocrx_word' id='word_1_26' title='bbox 499 343 530 380; x_wconf 90' lang='lat' dir='ltr'><strong>si</strong></span> <span class='ocrx_word' id='word_1_27' title='bbox 555 343 626 381; x_wconf 92' lang='lat' dir='ltr'><strong>hoc</strong></span> <span class='ocrx_word' id='word_1_28' title='bbox 644 343 829 394; x_wconf 85' lang='lat' dir='ltr'><strong>primum,</strong></span> <span class='ocrx_word' id='word_1_29' title='bbox 848 349 894 380; x_wconf 93' lang='lat' dir='ltr'><strong>ut</strong></span> <span class='ocrx_word' id='word_1_30' title='bbox 917 341 1200 380; x_wconf 81' lang='lat' dir='ltr'><strong>defendendum</strong></span> <span class='ocrx_word' id='word_1_31' title='bbox 1225 354 1294 380; x_wconf 88' lang='lat' dir='ltr'><strong>no-</strong></span> 
     </span>
     <span class='ocr_line' id='line_1_5' title="bbox 181 394 1294 447; baseline 0.002 -15"><span class='ocrx_word' id='word_1_32' title='bbox 181 394 240 432; x_wconf 88' lang='lat' dir='ltr'><strong>bis</strong></span> <span class='ocrx_word' id='word_1_33' title='bbox 271 396 493 447; x_wconf 77' lang='lat' dir='ltr'><strong>expeditum</strong></span> <span class='ocrx_word' id='word_1_34' title='bbox 524 397 585 444; x_wconf 92' lang='lat' dir='ltr'><strong>sit,</strong></span> <span class='ocrx_word' id='word_1_35' title='bbox 615 397 834 435; x_wconf 81' lang='lat' dir='ltr'><strong>meminisse</strong></span> <span class='ocrx_word' id='word_1_36' title='bbox 863 396 1058 442; x_wconf 84' lang='lat' dir='ltr'><strong>volemus;</strong></span> <span class='ocrx_word' id='word_1_37' title='bbox 1099 395 1140 434; x_wconf 90' lang='lat' dir='ltr'><strong>in</strong></span> <span class='ocrx_word' id='word_1_38' title='bbox 1168 396 1294 447; x_wconf 89' lang='lat' dir='ltr'><strong>primo</strong></span> 
     </span>
     <span class='ocr_line' id='line_1_6' title="bbox 181 448 1295 502; baseline 0.002 -17"><span class='ocrx_word' id='word_1_39' title='bbox 181 448 264 486; x_wconf 84' lang='lat' dir='ltr'><strong>leco</strong></span> <span class='ocrx_word' id='word_1_40' title='bbox 290 450 343 488; x_wconf 90' lang='lat' dir='ltr'><strong>rei</strong></span> <span class='ocrx_word' id='word_1_41' title='bbox 362 450 478 488; x_wconf 79' lang='lat' dir='ltr'><strong>totius</strong></span> <span class='ocrx_word' id='word_1_42' title='bbox 502 451 711 502; x_wconf 77' lang='lat' dir='ltr'>imaginem</span> <span class='ocrx_word' id='word_1_43' title='bbox 729 450 1078 496; x_wconf 80' lang='lat' dir='ltr'><strong>conformabimus3</strong></span> <span class='ocrx_word' id='word_1_44' title='bbox 1108 457 1295 501; x_wconf 85' lang='lat' dir='ltr'><strong>aegrotum</strong></span> 
     </span>
     <span class='ocr_line' id='line_1_7' title="bbox 180 502 1296 556; baseline 0.002 -17"><span class='ocrx_word' id='word_1_45' title='bbox 180 502 220 539; x_wconf 89' lang='lat' dir='ltr'><strong>in</strong></span> <span class='ocrx_word' id='word_1_46' title='bbox 251 503 348 542; x_wconf 92' lang='lat' dir='ltr'><strong>lecto</strong></span> <span class='ocrx_word' id='word_1_47' title='bbox 377 506 582 543; x_wconf 84' lang='lat' dir='ltr'><strong>cubantem</strong></span> <span class='ocrx_word' id='word_1_48' title='bbox 610 505 793 544; x_wconf 88' lang='lat' dir='ltr'><strong>faciemus</strong></span> <span class='ocrx_word' id='word_1_49' title='bbox 821 505 949 556; x_wconf 85' lang='lat' dir='ltr'><strong>ipsum</strong></span> <span class='ocrx_word' id='word_1_50' title='bbox 979 504 1106 552; x_wconf 88' lang='lat' dir='ltr'><strong>illum,</strong></span> <span class='ocrx_word' id='word_1_51' title='bbox 1143 503 1191 542; x_wconf 91' lang='lat' dir='ltr'><strong>de</strong></span> <span class='ocrx_word' id='word_1_52' title='bbox 1217 516 1296 555; x_wconf 93' lang='lat' dir='ltr'><strong>quo</strong></span> 
     </span>
     <span class='ocr_line' id='line_1_8' title="bbox 179 558 1295 609; baseline 0.001 -16"><span class='ocrx_word' id='word_1_53' title='bbox 179 564 328 607; x_wconf 85' lang='lat' dir='ltr'><strong>agetur,</strong></span> <span class='ocrx_word' id='word_1_54' title='bbox 358 558 390 596; x_wconf 90' lang='lat' dir='ltr'><strong>si</strong></span> <span class='ocrx_word' id='word_1_55' title='bbox 418 558 583 597; x_wconf 88' lang='lat' dir='ltr'><strong>formam</strong></span> <span class='ocrx_word' id='word_1_56' title='bbox 611 561 692 609; x_wconf 85' lang='lat' dir='ltr'><strong>ejus</strong></span> <span class='ocrx_word' id='word_1_57' title='bbox 722 559 1003 603; x_wconf 72' lang='lat' dir='ltr'><strong>detinebimus3</strong></span> <span class='ocrx_word' id='word_1_58' title='bbox 1041 558 1072 596; x_wconf 90' lang='lat' dir='ltr'><strong>si</strong></span> <span class='ocrx_word' id='word_1_59' title='bbox 1099 570 1189 596; x_wconf 89' lang='lat' dir='ltr'><strong>eum</strong></span> <span class='ocrx_word' id='word_1_60' title='bbox 1216 569 1295 595; x_wconf 91' lang='lat' dir='ltr'><strong>non</strong></span> 
     </span>
     <span class='ocr_line' id='line_1_9' title="bbox 181 611 1298 665; baseline 0.001 -17"><span class='ocrx_word' id='word_1_61' title='bbox 181 611 462 661; x_wconf 85' lang='lat' dir='ltr'><strong>agnoverimus,</strong></span> <span class='ocrx_word' id='word_1_62' title='bbox 483 614 650 665; x_wconf 84' lang='lat' dir='ltr'><strong>aliquem</strong></span> <span class='ocrx_word' id='word_1_63' title='bbox 671 620 857 664; x_wconf 75' lang='lat' dir='ltr'><strong>aegrotum</strong></span> <span class='ocrx_word' id='word_1_64' title='bbox 876 625 954 651; x_wconf 91' lang='lat' dir='ltr'><strong>non</strong></span> <span class='ocrx_word' id='word_1_65' title='bbox 973 612 1020 650; x_wconf 90' lang='lat' dir='ltr'><strong>de</strong></span> <span class='ocrx_word' id='word_1_66' title='bbox 1037 611 1200 650; x_wconf 90' lang='lat' dir='ltr'><strong>minimo</strong></span> <span class='ocrx_word' id='word_1_67' title='bbox 1212 611 1298 649; x_wconf 90' lang='lat' dir='ltr'><strong>loco</strong></span> 
     </span>
     <span class='ocr_line' id='line_1_10' title="bbox 182 666 1296 718; baseline 0 -16"><span class='ocrx_word' id='word_1_68' title='bbox 182 677 394 714; x_wconf 84' lang='lat' dir='ltr'><strong>sumemus,</strong></span> <span class='ocrx_word' id='word_1_69' title='bbox 414 674 458 704; x_wconf 87' lang='lat' dir='ltr'><strong>ut</strong></span> <span class='ocrx_word' id='word_1_70' title='bbox 476 667 551 705; x_wconf 93' lang='lat' dir='ltr'><strong>cito</strong></span> <span class='ocrx_word' id='word_1_71' title='bbox 575 668 616 705; x_wconf 91' lang='lat' dir='ltr'><strong>in</strong></span> <span class='ocrx_word' id='word_1_72' title='bbox 640 675 810 705; x_wconf 80' lang='lat' dir='ltr'><strong>mentem</strong></span> <span class='ocrx_word' id='word_1_73' title='bbox 829 667 956 705; x_wconf 85' lang='lat' dir='ltr'><strong>venire</strong></span> <span class='ocrx_word' id='word_1_74' title='bbox 979 666 1110 718; x_wconf 81' lang='lat' dir='ltr'><strong>possit,</strong></span> <span class='ocrx_word' id='word_1_75' title='bbox 1131 672 1168 703; x_wconf 88' lang='lat' dir='ltr'><strong>et</strong></span> <span class='ocrx_word' id='word_1_76' title='bbox 1185 677 1296 703; x_wconf 85' lang='lat' dir='ltr'><strong>reum</strong></span> 
     </span>
     <span class='ocr_line' id='line_1_11' title="bbox 181 717 1297 772; baseline 0 -16"><span class='ocrx_word' id='word_1_77' title='bbox 181 718 232 756; x_wconf 87' lang='lat' dir='ltr'><strong>ad</strong></span> <span class='ocrx_word' id='word_1_78' title='bbox 249 720 391 758; x_wconf 89' lang='lat' dir='ltr'><strong>lectum</strong></span> <span class='ocrx_word' id='word_1_79' title='bbox 411 722 492 770; x_wconf 89' lang='lat' dir='ltr'><strong>ejus</strong></span> <span class='ocrx_word' id='word_1_80' title='bbox 506 721 772 768; x_wconf 87' lang='lat' dir='ltr'><strong>adstituemus,</strong></span> <span class='ocrx_word' id='word_1_81' title='bbox 787 721 921 759; x_wconf 67' lang='lat' dir='ltr'><strong>dextra</strong></span> <span class='ocrx_word' id='word_1_82' title='bbox 931 720 1129 772; x_wconf 88' lang='lat' dir='ltr'><strong>poculum,</strong></span> <span class='ocrx_word' id='word_1_83' title='bbox 1145 717 1297 757; x_wconf 59' lang='lat' dir='ltr'><strong>sinistra</strong></span> 
     </span>
     <span class='ocr_line' id='line_1_12' title="bbox 182 773 1297 821; baseline 0 -11"><span class='ocrx_word' id='word_1_84' title='bbox 182 774 346 821; x_wconf 85' lang='lat' dir='ltr'><strong>tabulas,</strong></span> <span class='ocrx_word' id='word_1_85' title='bbox 373 775 521 813; x_wconf 85' lang='lat' dir='ltr'><strong>medico</strong></span> <span class='ocrx_word' id='word_1_86' title='bbox 546 776 737 814; x_wconf 84' lang='lat' dir='ltr'><strong>testiculos</strong></span> <span class='ocrx_word' id='word_1_87' title='bbox 763 775 938 813; x_wconf 86' lang='lat' dir='ltr'><strong>arietinos</strong></span> <span class='ocrx_word' id='word_1_88' title='bbox 964 780 1168 813; x_wconf 76' lang='lat' dir='ltr'><strong>tenentem.</strong></span> <span class='ocrx_word' id='word_1_89' title='bbox 1208 773 1297 810; x_wconf 90' lang='lat' dir='ltr'><strong>Hoc</strong></span> 
     </span>
     <span class='ocr_line' id='line_1_13' title="bbox 182 826 1299 878; baseline 0 -14"><span class='ocrx_word' id='word_1_90' title='bbox 182 827 299 865; x_wconf 88' lang='lat' dir='ltr'><strong>modo</strong></span> <span class='ocrx_word' id='word_1_91' title='bbox 331 835 368 866; x_wconf 87' lang='lat' dir='ltr'><strong>et</strong></span> <span class='ocrx_word' id='word_1_92' title='bbox 400 829 569 878; x_wconf 87' lang='lat' dir='ltr'><strong>testium,</strong></span> <span class='ocrx_word' id='word_1_93' title='bbox 599 837 636 868; x_wconf 93' lang='lat' dir='ltr'><strong>et</strong></span> <span class='ocrx_word' id='word_1_94' title='bbox 664 829 907 875; x_wconf 56' lang='lat' dir='ltr'><strong>haereditatis,</strong></span> <span class='ocrx_word' id='word_1_95' title='bbox 938 835 975 867; x_wconf 89' lang='lat' dir='ltr'><strong>et</strong></span> <span class='ocrx_word' id='word_1_96' title='bbox 1001 840 1147 866; x_wconf 82' lang='lat' dir='ltr'><strong>veneno</strong></span> <span class='ocrx_word' id='word_1_97' title='bbox 1173 826 1299 865; x_wconf 86' lang='lat' dir='ltr'><strong>necati</strong></span> 
     </span>
     <span class='ocr_line' id='line_1_14' title="bbox 181 882 1299 935; baseline 0.001 -18"><span class='ocrx_word' id='word_1_98' title='bbox 181 882 407 920; x_wconf 82' lang='lat' dir='ltr'><strong>memoriam</strong></span> <span class='ocrx_word' id='word_1_99' title='bbox 426 883 564 922; x_wconf 85' lang='lat' dir='ltr'><strong>habere</strong></span> <span class='ocrx_word' id='word_1_100' title='bbox 581 884 802 935; x_wconf 80' lang='lat' dir='ltr'><strong>poterimus.</strong></span> <span class='ocrx_word' id='word_1_101' title='bbox 850 883 952 921; x_wconf 87' lang='lat' dir='ltr'><strong>Item</strong></span> <span class='ocrx_word' id='word_1_102' title='bbox 970 882 1147 933; x_wconf 86' lang='lat' dir='ltr'><strong>deinceps</strong></span> <span class='ocrx_word' id='word_1_103' title='bbox 1165 888 1299 919; x_wconf 88' lang='lat' dir='ltr'><strong>caetera</strong></span> 
     </span>
     <span class='ocr_line' id='line_1_15' title="bbox 182 935 1297 989; baseline 0.001 -18"><span class='ocrx_word' id='word_1_104' title='bbox 182 935 344 973; x_wconf 84' lang='lat' dir='ltr'><strong>crimina</strong></span> <span class='ocrx_word' id='word_1_105' title='bbox 373 950 420 974; x_wconf 82' lang='lat' dir='ltr'><strong>ex</strong></span> <span class='ocrx_word' id='word_1_106' title='bbox 449 938 580 975; x_wconf 80' lang='lat' dir='ltr'><strong>ordine</strong></span> <span class='ocrx_word' id='word_1_107' title='bbox 612 938 653 976; x_wconf 89' lang='lat' dir='ltr'><strong>in</strong></span> <span class='ocrx_word' id='word_1_108' title='bbox 684 938 775 976; x_wconf 90' lang='lat' dir='ltr'><strong>locis</strong></span> <span class='ocrx_word' id='word_1_109' title='bbox 804 950 1014 989; x_wconf 87' lang='lat' dir='ltr'><strong>ponemus:</strong></span> <span class='ocrx_word' id='word_1_110' title='bbox 1046 943 1096 983; x_wconf 87' lang='lat' dir='ltr'><strong>et,</strong></span> <span class='ocrx_word' id='word_1_111' title='bbox 1131 935 1297 987; x_wconf 81' lang='lat' dir='ltr'><strong>quoties-</strong></span> 
     </span>
     <span class='ocr_line' id='line_1_16' title="bbox 180 989 1299 1040; baseline 0 -14"><span class='ocrx_word' id='word_1_112' title='bbox 180 1001 347 1040; x_wconf 82' lang='lat' dir='ltr'><strong>cumque</strong></span> <span class='ocrx_word' id='word_1_113' title='bbox 361 1004 442 1029; x_wconf 83' lang='lat' dir='ltr'><strong>rem</strong></span> <span class='ocrx_word' id='word_1_114' title='bbox 456 992 674 1030; x_wconf 84' lang='lat' dir='ltr'><strong>meminisse</strong></span> <span class='ocrx_word' id='word_1_115' title='bbox 688 993 873 1039; x_wconf 89' lang='lat' dir='ltr'><strong>volemus,</strong></span> <span class='ocrx_word' id='word_1_116' title='bbox 889 991 920 1029; x_wconf 88' lang='lat' dir='ltr'><strong>si</strong></span> <span class='ocrx_word' id='word_1_117' title='bbox 938 991 1151 1029; x_wconf 88' lang='lat' dir='ltr'><strong>formarum</strong></span> <span class='ocrx_word' id='word_1_118' title='bbox 1171 989 1299 1040; x_wconf 81' lang='lat' dir='ltr'><strong>dispo-</strong></span> 
     </span>
     <span class='ocr_line' id='line_1_17' title="bbox 181 1042 1298 1097; baseline 0 -17"><span class='ocrx_word' id='word_1_119' title='bbox 181 1043 329 1092; x_wconf 79' lang='lat' dir='ltr'><strong>sitione,</strong></span> <span class='ocrx_word' id='word_1_120' title='bbox 346 1052 383 1082; x_wconf 92' lang='lat' dir='ltr'><strong>et</strong></span> <span class='ocrx_word' id='word_1_121' title='bbox 400 1046 616 1096; x_wconf 84' lang='lat' dir='ltr'><strong>imaginum</strong></span> <span class='ocrx_word' id='word_1_122' title='bbox 634 1045 808 1097; x_wconf 75' lang='lat' dir='ltr'><strong>diligenti</strong></span> <span class='ocrx_word' id='word_1_123' title='bbox 826 1045 1031 1092; x_wconf 82' lang='lat' dir='ltr'><strong>notatione,</strong></span> <span class='ocrx_word' id='word_1_124' title='bbox 1051 1051 1220 1093; x_wconf 85' lang='lat' dir='ltr'><strong>utemur,</strong></span> <span class='ocrx_word' id='word_1_125' title='bbox 1240 1042 1298 1080; x_wconf 84' lang='lat' dir='ltr'><strong>fa-</strong></span> 
     </span>
     <span class='ocr_line' id='line_1_18' title="bbox 179 1097 1133 1150; baseline 0.001 -16"><span class='ocrx_word' id='word_1_126' title='bbox 179 1097 251 1134; x_wconf 85' lang='lat' dir='ltr'><strong>cile</strong></span> <span class='ocrx_word' id='word_1_127' title='bbox 265 1110 321 1142; x_wconf 87' lang='lat' dir='ltr'><strong>ea,</strong></span> <span class='ocrx_word' id='word_1_128' title='bbox 338 1111 425 1149; x_wconf 86' lang='lat' dir='ltr'><strong>quae</strong></span> <span class='ocrx_word' id='word_1_129' title='bbox 435 1100 621 1145; x_wconf 85' lang='lat' dir='ltr'><strong>volemus,</strong></span> <span class='ocrx_word' id='word_1_130' title='bbox 641 1099 827 1138; x_wconf 73' lang='lat' dir='ltr'><strong>memoria</strong></span> <span class='ocrx_word' id='word_1_131' title='bbox 845 1111 1133 1150; x_wconf 84' lang='lat' dir='ltr'><strong>consequemur.</strong></span> 
     </span>
    </p>

    <p class='ocr_par' dir='ltr' id='par_1_3' title="bbox 179 1150 1301 2285">
     <span class='ocr_line' id='line_1_19' title="bbox 236 1150 1297 1202; baseline 0 -14"><span class='ocrx_word' id='word_1_132' title='bbox 236 1150 356 1189; x_wconf 86' lang='lat' dir='ltr'>XXI.</span> <span class='ocrx_word' id='word_1_133' title='bbox 398 1153 501 1191; x_wconf 86' lang='lat' dir='ltr'><strong>Cum</strong></span> <span class='ocrx_word' id='word_1_134' title='bbox 530 1156 733 1192; x_wconf 75' lang='lat' dir='ltr'><strong>verborum</strong></span> <span class='ocrx_word' id='word_1_135' title='bbox 766 1153 1033 1191; x_wconf 88' lang='lat' dir='ltr'><strong>similitudines</strong></span> <span class='ocrx_word' id='word_1_136' title='bbox 1064 1150 1297 1202; x_wconf 86' lang='lat' dir='ltr'><strong>imaginibus</strong></span> 
     </span>
     <span class='ocr_line' id='line_1_20' title="bbox 182 1205 1298 1258; baseline 0.001 -17"><span class='ocrx_word' id='word_1_137' title='bbox 182 1205 395 1255; x_wconf 73' lang='lat' dir='ltr'><strong>exprimere</strong></span> <span class='ocrx_word' id='word_1_138' title='bbox 431 1208 618 1254; x_wconf 90' lang='lat' dir='ltr'><strong>volemus,</strong></span> <span class='ocrx_word' id='word_1_139' title='bbox 656 1208 744 1258; x_wconf 88' lang='lat' dir='ltr'><strong>plus</strong></span> <span class='ocrx_word' id='word_1_140' title='bbox 780 1207 923 1258; x_wconf 88' lang='lat' dir='ltr'><strong>negotii</strong></span> <span class='ocrx_word' id='word_1_141' title='bbox 960 1206 1223 1257; x_wconf 82' lang='lat' dir='ltr'><strong>suscipiemus,</strong></span> <span class='ocrx_word' id='word_1_142' title='bbox 1261 1212 1298 1242; x_wconf 94' lang='lat' dir='ltr'><strong>et</strong></span> 
     </span>
     <span class='ocr_line' id='line_1_21' title="bbox 181 1257 1298 1311; baseline 0.001 -16"><span class='ocrx_word' id='word_1_143' title='bbox 181 1259 305 1309; x_wconf 82' lang='lat' dir='ltr'><strong>magis</strong></span> <span class='ocrx_word' id='word_1_144' title='bbox 328 1260 527 1311; x_wconf 86' lang='lat' dir='ltr'><strong>ingenium</strong></span> <span class='ocrx_word' id='word_1_145' title='bbox 553 1269 727 1300; x_wconf 89' lang='lat' dir='ltr'><strong>nostrum</strong></span> <span class='ocrx_word' id='word_1_146' title='bbox 752 1261 1023 1300; x_wconf 78' lang='lat' dir='ltr'><strong>exercebimus.</strong></span> <span class='ocrx_word' id='word_1_147' title='bbox 1064 1259 1115 1297; x_wconf 89' lang='lat' dir='ltr'><strong>Id</strong></span> <span class='ocrx_word' id='word_1_148' title='bbox 1139 1272 1208 1297; x_wconf 85' lang='lat' dir='ltr'><strong>nos</strong></span> <span class='ocrx_word' id='word_1_149' title='bbox 1225 1257 1298 1296; x_wconf 86' lang='lat' dir='ltr'><strong>hoc</strong></span> 
     </span>
     <span class='ocr_line' id='line_1_22' title="bbox 181 1313 1299 1366; baseline 0.001 -17"><span class='ocrx_word' id='word_1_150' title='bbox 181 1313 297 1350; x_wconf 88' lang='lat' dir='ltr'><strong>modo</strong></span> <span class='ocrx_word' id='word_1_151' title='bbox 323 1313 445 1352; x_wconf 88' lang='lat' dir='ltr'><strong>facere</strong></span> <span class='ocrx_word' id='word_1_152' title='bbox 472 1316 671 1366; x_wconf 83' lang='lat' dir='ltr'><strong>oportebit.</strong></span> <span class='ocrx_word' id='word_1_153' title='bbox 716 1316 744 1338; x_wconf 75' lang='lat'><strong>‘⁶</strong></span> <span class='ocrx_word' id='word_1_154' title='bbox 764 1316 860 1353; x_wconf 78' lang='lat' dir='ltr'><strong>Jam</strong></span> <span class='ocrx_word' id='word_1_155' title='bbox 887 1314 1165 1353; x_wconf 85' lang='lat' dir='ltr'><strong>domuitionem</strong></span> <span class='ocrx_word' id='word_1_156' title='bbox 1191 1325 1299 1363; x_wconf 86' lang='lat' dir='ltr'><strong>reges</strong></span> 
     </span>
     <span class='ocr_line' id='line_1_23' title="bbox 181 1367 1299 1420; baseline 0 -16"><span class='ocrx_word' id='word_1_157' title='bbox 181 1367 334 1405; x_wconf 76' lang='lat' dir='ltr'><strong>Atridae</strong></span> <span class='ocrx_word' id='word_1_158' title='bbox 352 1370 528 1419; x_wconf 55' lang='lat' dir='ltr'><strong>parantss&#39;</strong></span> <span class='ocrx_word' id='word_1_159' title='bbox 569 1370 619 1407; x_wconf 87' lang='lat' dir='ltr'><strong>In</strong></span> <span class='ocrx_word' id='word_1_160' title='bbox 643 1370 727 1408; x_wconf 81' lang='lat' dir='ltr'><strong>loco</strong></span> <span class='ocrx_word' id='word_1_161' title='bbox 751 1369 976 1408; x_wconf 85' lang='lat' dir='ltr'><strong>constituere</strong></span> <span class='ocrx_word' id='word_1_162' title='bbox 994 1374 1142 1420; x_wconf 85' lang='lat' dir='ltr'><strong>oportet</strong></span> <span class='ocrx_word' id='word_1_163' title='bbox 1158 1379 1299 1405; x_wconf 89' lang='lat' dir='ltr'><strong>manus</strong></span> 
     </span>
     <span class='ocr_line' id='line_1_24' title="bbox 182 1421 1298 1472; baseline 0 -14"><span class='ocrx_word' id='word_1_164' title='bbox 182 1421 232 1458; x_wconf 88' lang='lat' dir='ltr'><strong>ad</strong></span> <span class='ocrx_word' id='word_1_165' title='bbox 264 1422 402 1459; x_wconf 84' lang='lat' dir='ltr'><strong>coelum</strong></span> <span class='ocrx_word' id='word_1_166' title='bbox 439 1424 637 1462; x_wconf 81' lang='lat' dir='ltr'><strong>tollentem</strong></span> <span class='ocrx_word' id='word_1_167' title='bbox 674 1423 910 1471; x_wconf 88' lang='lat' dir='ltr'><strong>Domitium,</strong></span> <span class='ocrx_word' id='word_1_168' title='bbox 947 1435 1037 1461; x_wconf 91' lang='lat' dir='ltr'><strong>cum</strong></span> <span class='ocrx_word' id='word_1_169' title='bbox 1069 1435 1092 1460; x_wconf 88' lang='lat' dir='ltr'><strong>a</strong></span> <span class='ocrx_word' id='word_1_170' title='bbox 1124 1421 1298 1472; x_wconf 86' lang='lat' dir='ltr'><strong>Regibus</strong></span> 
     </span>
     <span class='ocr_line' id='line_1_25' title="bbox 184 1474 1299 1525; baseline 0 -13"><span class='ocrx_word' id='word_1_171' title='bbox 184 1474 344 1513; x_wconf 84' lang='lat' dir='ltr'><strong>Marciis</strong></span> <span class='ocrx_word' id='word_1_172' title='bbox 369 1477 460 1514; x_wconf 84' lang='lat' dir='ltr'><strong>loris</strong></span> <span class='ocrx_word' id='word_1_173' title='bbox 488 1478 666 1516; x_wconf 86' lang='lat' dir='ltr'><strong>caedatur.</strong></span> <span class='ocrx_word' id='word_1_174' title='bbox 710 1478 799 1516; x_wconf 91' lang='lat' dir='ltr'><strong>Hoc</strong></span> <span class='ocrx_word' id='word_1_175' title='bbox 817 1477 901 1525; x_wconf 84' lang='lat' dir='ltr'><strong>erit,</strong></span> <span class='ocrx_word' id='word_1_176' title='bbox 932 1477 961 1499; x_wconf 74' lang='lat'><strong>‘⁴</strong></span> <span class='ocrx_word' id='word_1_177' title='bbox 979 1476 1075 1515; x_wconf 83' lang='lat' dir='ltr'><strong>Jam</strong></span> <span class='ocrx_word' id='word_1_178' title='bbox 1094 1475 1299 1513; x_wconf 85' lang='lat' dir='ltr'><strong>domuitio-</strong></span> 
     </span>
     <span class='ocr_line' id='line_1_26' title="bbox 183 1529 1299 1582; baseline 0 -16"><span class='ocrx_word' id='word_1_179' title='bbox 183 1541 273 1567; x_wconf 85' lang='lat' dir='ltr'><strong>nem</strong></span> <span class='ocrx_word' id='word_1_180' title='bbox 302 1531 449 1580; x_wconf 84' lang='lat' dir='ltr'><strong>reges.’&#39;</strong></span> <span class='ocrx_word' id='word_1_181' title='bbox 492 1532 542 1569; x_wconf 92' lang='lat' dir='ltr'><strong>In</strong></span> <span class='ocrx_word' id='word_1_182' title='bbox 568 1533 686 1570; x_wconf 87' lang='lat' dir='ltr'><strong>altero</strong></span> <span class='ocrx_word' id='word_1_183' title='bbox 710 1533 793 1570; x_wconf 90' lang='lat' dir='ltr'><strong>loco</strong></span> <span class='ocrx_word' id='word_1_184' title='bbox 811 1532 1006 1582; x_wconf 90' lang='lat' dir='ltr'><strong>AEsopum</strong></span> <span class='ocrx_word' id='word_1_185' title='bbox 1030 1538 1068 1569; x_wconf 88' lang='lat' dir='ltr'><strong>et</strong></span> <span class='ocrx_word' id='word_1_186' title='bbox 1093 1529 1299 1568; x_wconf 87' lang='lat' dir='ltr'><strong>Cimbrum</strong></span> 
     </span>
     <span class='ocr_line' id='line_1_27' title="bbox 182 1583 1299 1637; baseline 0 -17"><span class='ocrx_word' id='word_1_187' title='bbox 182 1585 389 1622; x_wconf 81' lang='lat' dir='ltr'><strong>subornare</strong></span> <span class='ocrx_word' id='word_1_188' title='bbox 417 1585 676 1637; x_wconf 79' lang='lat' dir='ltr'><strong>Iphigeniam,</strong></span> <span class='ocrx_word' id='word_1_189' title='bbox 705 1586 1058 1637; x_wconf 85' lang='lat' dir='ltr'><strong>Agamemnonem,</strong></span> <span class='ocrx_word' id='word_1_190' title='bbox 1091 1590 1129 1622; x_wconf 90' lang='lat' dir='ltr'><strong>et</strong></span> <span class='ocrx_word' id='word_1_191' title='bbox 1160 1583 1299 1621; x_wconf 87' lang='lat' dir='ltr'><strong>Mene-</strong></span> 
     </span>
     <span class='ocr_line' id='line_1_28' title="bbox 179 1637 1299 1690; baseline 0.001 -17"><span class='ocrx_word' id='word_1_192' title='bbox 179 1637 301 1675; x_wconf 61' lang='lat' dir='ltr'><strong>laum.</strong></span> <span class='ocrx_word' id='word_1_193' title='bbox 332 1638 420 1677; x_wconf 89' lang='lat' dir='ltr'><strong>Hoc</strong></span> <span class='ocrx_word' id='word_1_194' title='bbox 439 1640 522 1687; x_wconf 84' lang='lat' dir='ltr'><strong>erit,</strong></span> <span class='ocrx_word' id='word_1_195' title='bbox 553 1642 582 1662; x_wconf 73' lang='lat'><strong>‘⁶</strong></span> <span class='ocrx_word' id='word_1_196' title='bbox 601 1639 752 1678; x_wconf 86' lang='lat' dir='ltr'><strong>Atridae</strong></span> <span class='ocrx_word' id='word_1_197' title='bbox 769 1639 947 1690; x_wconf 88' lang='lat' dir='ltr'><strong>parant.”</strong></span> <span class='ocrx_word' id='word_1_198' title='bbox 976 1639 1065 1676; x_wconf 93' lang='lat' dir='ltr'><strong>Hoc</strong></span> <span class='ocrx_word' id='word_1_199' title='bbox 1081 1637 1198 1675; x_wconf 88' lang='lat' dir='ltr'><strong>modo</strong></span> <span class='ocrx_word' id='word_1_200' title='bbox 1215 1649 1299 1675; x_wconf 87' lang='lat' dir='ltr'><strong>om-</strong></span> 
     </span>
     <span class='ocr_line' id='line_1_29' title="bbox 182 1691 1299 1745; baseline 0.001 -18"><span class='ocrx_word' id='word_1_201' title='bbox 182 1691 247 1728; x_wconf 90' lang='lat' dir='ltr'><strong>nia</strong></span> <span class='ocrx_word' id='word_1_202' title='bbox 265 1694 379 1730; x_wconf 91' lang='lat' dir='ltr'><strong>verba</strong></span> <span class='ocrx_word' id='word_1_203' title='bbox 397 1701 508 1731; x_wconf 79' lang='lat' dir='ltr'><strong>erunt</strong></span> <span class='ocrx_word' id='word_1_204' title='bbox 534 1707 721 1745; x_wconf 65' lang='lat' dir='ltr'><strong>expressa„</strong></span> <span class='ocrx_word' id='word_1_205' title='bbox 762 1693 838 1732; x_wconf 86' lang='lat' dir='ltr'><strong>Sed</strong></span> <span class='ocrx_word' id='word_1_206' title='bbox 861 1693 943 1731; x_wconf 85' lang='lat' dir='ltr'><strong>haec</strong></span> <span class='ocrx_word' id='word_1_207' title='bbox 967 1691 1184 1743; x_wconf 87' lang='lat' dir='ltr'><strong>imaginum</strong></span> <span class='ocrx_word' id='word_1_208' title='bbox 1209 1703 1299 1729; x_wconf 90' lang='lat' dir='ltr'><strong>con-</strong></span> 
     </span>
     <span class='ocr_line' id='line_1_30' title="bbox 182 1744 1299 1796; baseline 0.001 -15"><span class='ocrx_word' id='word_1_209' title='bbox 182 1744 361 1784; x_wconf 81' lang='lat' dir='ltr'><strong>formatio</strong></span> <span class='ocrx_word' id='word_1_210' title='bbox 379 1754 465 1784; x_wconf 91' lang='lat' dir='ltr'><strong>tum</strong></span> <span class='ocrx_word' id='word_1_211' title='bbox 483 1748 598 1796; x_wconf 80' lang='lat' dir='ltr'><strong>valet,</strong></span> <span class='ocrx_word' id='word_1_212' title='bbox 619 1748 650 1786; x_wconf 93' lang='lat' dir='ltr'><strong>si</strong></span> <span class='ocrx_word' id='word_1_213' title='bbox 675 1748 889 1786; x_wconf 84' lang='lat' dir='ltr'><strong>naturalem</strong></span> <span class='ocrx_word' id='word_1_214' title='bbox 915 1746 1141 1785; x_wconf 86' lang='lat' dir='ltr'><strong>memoriam</strong></span> <span class='ocrx_word' id='word_1_215' title='bbox 1167 1757 1299 1783; x_wconf 89' lang='lat' dir='ltr'><strong>exsus-</strong></span> 
     </span>
     <span class='ocr_line' id='line_1_31' title="bbox 183 1798 1299 1851; baseline 0 -15"><span class='ocrx_word' id='word_1_216' title='bbox 183 1798 425 1838; x_wconf 81' lang='lat' dir='ltr'><strong>citaverimus</strong></span> <span class='ocrx_word' id='word_1_217' title='bbox 457 1802 528 1840; x_wconf 91' lang='lat' dir='ltr'><strong>hac</strong></span> <span class='ocrx_word' id='word_1_218' title='bbox 564 1802 771 1849; x_wconf 81' lang='lat' dir='ltr'><strong>notatione,</strong></span> <span class='ocrx_word' id='word_1_219' title='bbox 810 1808 868 1848; x_wconf 85' lang='lat' dir='ltr'><strong>ut,</strong></span> <span class='ocrx_word' id='word_1_220' title='bbox 905 1813 1016 1839; x_wconf 87' lang='lat' dir='ltr'><strong>versu</strong></span> <span class='ocrx_word' id='word_1_221' title='bbox 1051 1799 1188 1851; x_wconf 78' lang='lat' dir='ltr'><strong>posito,</strong></span> <span class='ocrx_word' id='word_1_222' title='bbox 1225 1799 1299 1850; x_wconf 88' lang='lat' dir='ltr'><strong>ipsi</strong></span> 
     </span>
     <span class='ocr_line' id='line_1_32' title="bbox 181 1853 1298 1905; baseline 0 -15"><span class='ocrx_word' id='word_1_223' title='bbox 181 1853 382 1892; x_wconf 90' lang='lat' dir='ltr'><strong>nobiscum</strong></span> <span class='ocrx_word' id='word_1_224' title='bbox 401 1855 571 1905; x_wconf 86' lang='lat' dir='ltr'><strong>primum</strong></span> <span class='ocrx_word' id='word_1_225' title='bbox 589 1863 830 1894; x_wconf 87' lang='lat' dir='ltr'><strong>transeamus</strong></span> <span class='ocrx_word' id='word_1_226' title='bbox 854 1854 914 1893; x_wconf 92' lang='lat' dir='ltr'><strong>bis</strong></span> <span class='ocrx_word' id='word_1_227' title='bbox 938 1862 1006 1892; x_wconf 88' lang='lat' dir='ltr'><strong>aut</strong></span> <span class='ocrx_word' id='word_1_228' title='bbox 1029 1863 1086 1892; x_wconf 87' lang='lat' dir='ltr'><strong>ter</strong></span> <span class='ocrx_word' id='word_1_229' title='bbox 1104 1866 1194 1891; x_wconf 91' lang='lat' dir='ltr'><strong>eum</strong></span> <span class='ocrx_word' id='word_1_230' title='bbox 1213 1865 1298 1890; x_wconf 88' lang='lat' dir='ltr'><strong>ver-</strong></span> 
     </span>
     <span class='ocr_line' id='line_1_33' title="bbox 183 1907 1298 1960; baseline 0.001 -17"><span class='ocrx_word' id='word_1_231' title='bbox 183 1919 296 1953; x_wconf 86' lang='lat' dir='ltr'><strong>sum;</strong></span> <span class='ocrx_word' id='word_1_232' title='bbox 335 1908 470 1946; x_wconf 80' lang='lat' dir='ltr'><strong>deinde</strong></span> <span class='ocrx_word' id='word_1_233' title='bbox 501 1922 590 1947; x_wconf 88' lang='lat' dir='ltr'><strong>cum</strong></span> <span class='ocrx_word' id='word_1_234' title='bbox 620 1909 853 1960; x_wconf 87' lang='lat' dir='ltr'><strong>imaginibus</strong></span> <span class='ocrx_word' id='word_1_235' title='bbox 882 1910 996 1947; x_wconf 89' lang='lat' dir='ltr'><strong>verba</strong></span> <span class='ocrx_word' id='word_1_236' title='bbox 1025 1907 1298 1959; x_wconf 84' lang='lat' dir='ltr'><strong>exprimamus.</strong></span> 
     </span>
     <span class='ocr_line' id='line_1_34' title="bbox 184 1960 1299 2015; baseline -0.001 -17"><span class='ocrx_word' id='word_1_237' title='bbox 184 1960 273 1998; x_wconf 93' lang='lat' dir='ltr'><strong>Hoc</strong></span> <span class='ocrx_word' id='word_1_238' title='bbox 291 1961 407 2000; x_wconf 91' lang='lat' dir='ltr'><strong>modo</strong></span> <span class='ocrx_word' id='word_1_239' title='bbox 425 1970 572 2001; x_wconf 83' lang='lat' dir='ltr'><strong>naturae</strong></span> <span class='ocrx_word' id='word_1_240' title='bbox 591 1963 847 2015; x_wconf 83' lang='lat' dir='ltr'><strong>suppeditabit</strong></span> <span class='ocrx_word' id='word_1_241' title='bbox 865 1962 1059 2001; x_wconf 81' lang='lat' dir='ltr'><strong>doctrina:</strong></span> <span class='ocrx_word' id='word_1_242' title='bbox 1089 1974 1181 1999; x_wconf 90' lang='lat' dir='ltr'><strong>nam</strong></span> <span class='ocrx_word' id='word_1_243' title='bbox 1194 1967 1299 1998; x_wconf 88' lang='lat' dir='ltr'><strong>utra-</strong></span> 
     </span>
     <span class='ocr_line' id='line_1_35' title="bbox 182 2015 1301 2068; baseline -0.001 -16"><span class='ocrx_word' id='word_1_244' title='bbox 182 2028 273 2066; x_wconf 89' lang='lat' dir='ltr'><strong>que,</strong></span> <span class='ocrx_word' id='word_1_245' title='bbox 294 2015 414 2054; x_wconf 67' lang='lat' dir='ltr'><strong>altera</strong></span> <span class='ocrx_word' id='word_1_246' title='bbox 432 2018 617 2068; x_wconf 60' lang='lat' dir='ltr'><strong>separata,</strong></span> <span class='ocrx_word' id='word_1_247' title='bbox 638 2018 768 2056; x_wconf 86' lang='lat' dir='ltr'><strong>minus</strong></span> <span class='ocrx_word' id='word_1_248' title='bbox 787 2017 857 2056; x_wconf 90' lang='lat' dir='ltr'><strong>erit</strong></span> <span class='ocrx_word' id='word_1_249' title='bbox 875 2016 1011 2061; x_wconf 78' lang='lat' dir='ltr'><strong>firma3</strong></span> <span class='ocrx_word' id='word_1_250' title='bbox 1041 2016 1096 2053; x_wconf 85' lang='lat' dir='ltr'><strong>ita</strong></span> <span class='ocrx_word' id='word_1_251' title='bbox 1109 2023 1238 2053; x_wconf 89' lang='lat' dir='ltr'><strong>tamen</strong></span> <span class='ocrx_word' id='word_1_252' title='bbox 1255 2021 1301 2051; x_wconf 91' lang='lat' dir='ltr'><strong>ut</strong></span> 
     </span>
     <span class='ocr_line' id='line_1_36' title="bbox 181 2067 1300 2123; baseline -0.001 -17"><span class='ocrx_word' id='word_1_253' title='bbox 181 2069 307 2107; x_wconf 86' lang='lat' dir='ltr'><strong>multo</strong></span> <span class='ocrx_word' id='word_1_254' title='bbox 325 2070 413 2120; x_wconf 89' lang='lat' dir='ltr'><strong>plus</strong></span> <span class='ocrx_word' id='word_1_255' title='bbox 431 2071 472 2108; x_wconf 91' lang='lat' dir='ltr'><strong>in</strong></span> <span class='ocrx_word' id='word_1_256' title='bbox 490 2070 661 2109; x_wconf 71' lang='lat' dir='ltr'><strong>doctrina</strong></span> <span class='ocrx_word' id='word_1_257' title='bbox 679 2079 794 2123; x_wconf 91' lang='lat' dir='ltr'><strong>atque</strong></span> <span class='ocrx_word' id='word_1_258' title='bbox 812 2078 892 2109; x_wconf 89' lang='lat' dir='ltr'><strong>arte</strong></span> <span class='ocrx_word' id='word_1_259' title='bbox 909 2069 1075 2122; x_wconf 86' lang='lat' dir='ltr'><strong>praesidii</strong></span> <span class='ocrx_word' id='word_1_260' title='bbox 1093 2069 1140 2107; x_wconf 88' lang='lat' dir='ltr'><strong>sit</strong></span> <span class='ocrx_word' id='word_1_261' title='bbox 1157 2082 1167 2106; x_wconf 76' lang='grc' dir='ltr'><em>τ</em></span> <span class='ocrx_word' id='word_1_262' title='bbox 1195 2067 1300 2119; x_wconf 90' lang='lat' dir='ltr'><strong>quod</strong></span> 
     </span>
     <span class='ocr_line' id='line_1_37' title="bbox 182 2122 1298 2175; baseline -0.001 -15"><span class='ocrx_word' id='word_1_263' title='bbox 182 2122 316 2161; x_wconf 82' lang='lat' dir='ltr'><strong>docere</strong></span> <span class='ocrx_word' id='word_1_264' title='bbox 333 2135 411 2161; x_wconf 92' lang='lat' dir='ltr'><strong>non</strong></span> <span class='ocrx_word' id='word_1_265' title='bbox 429 2137 688 2175; x_wconf 81' lang='lat' dir='ltr'><strong>gravaremur,</strong></span> <span class='ocrx_word' id='word_1_266' title='bbox 709 2125 750 2162; x_wconf 90' lang='lat' dir='ltr'><strong>ni</strong></span> <span class='ocrx_word' id='word_1_267' title='bbox 767 2132 1038 2171; x_wconf 84' lang='lat' dir='ltr'><strong>metueremus,</strong></span> <span class='ocrx_word' id='word_1_268' title='bbox 1058 2135 1120 2170; x_wconf 92' lang='lat' dir='ltr'><strong>ne,</strong></span> <span class='ocrx_word' id='word_1_269' title='bbox 1140 2134 1229 2160; x_wconf 92' lang='lat' dir='ltr'><strong>cum</strong></span> <span class='ocrx_word' id='word_1_270' title='bbox 1248 2123 1298 2159; x_wconf 93' lang='lat' dir='ltr'><strong>ab</strong></span> 
     </span>
     <span class='ocr_line' id='line_1_38' title="bbox 181 2175 1299 2225; baseline 0 -12"><span class='ocrx_word' id='word_1_271' title='bbox 181 2177 356 2215; x_wconf 83' lang='lat' dir='ltr'><strong>instituto</strong></span> <span class='ocrx_word' id='word_1_272' title='bbox 381 2186 508 2216; x_wconf 88' lang='lat' dir='ltr'><strong>nostro</strong></span> <span class='ocrx_word' id='word_1_273' title='bbox 532 2179 825 2225; x_wconf 85' lang='lat' dir='ltr'><strong>recessissemus,</strong></span> <span class='ocrx_word' id='word_1_274' title='bbox 850 2177 981 2216; x_wconf 88' lang='lat' dir='ltr'><strong>minus</strong></span> <span class='ocrx_word' id='word_1_275' title='bbox 1005 2175 1205 2216; x_wconf 86' lang='lat' dir='ltr'><strong>commode</strong></span> <span class='ocrx_word' id='word_1_276' title='bbox 1223 2187 1299 2214; x_wconf 90' lang='lat' dir='ltr'><strong>ser-</strong></span> 
     </span>
     <span class='ocr_line' id='line_1_39' title="bbox 184 2231 1090 2285; baseline 0 -17"><span class='ocrx_word' id='word_1_277' title='bbox 184 2238 334 2270; x_wconf 78' lang='lat' dir='ltr'><strong>varetur</strong></span> <span class='ocrx_word' id='word_1_278' title='bbox 352 2232 433 2271; x_wconf 83' lang='lat' dir='ltr'><strong>haec</strong></span> <span class='ocrx_word' id='word_1_279' title='bbox 452 2232 618 2273; x_wconf 85' lang='lat' dir='ltr'><strong>dilucida</strong></span> <span class='ocrx_word' id='word_1_280' title='bbox 636 2233 799 2272; x_wconf 83' lang='lat' dir='ltr'><strong>brevitas</strong></span> <span class='ocrx_word' id='word_1_281' title='bbox 817 2231 1090 2285; x_wconf 65' lang='lat' dir='ltr'><strong>praeceptionis.</strong></span> 
     </span>
    </p>
   </div>
   <div class='ocr_carea' id='block_1_3' title="bbox 1451 17 1456 1200">
    <p class='ocr_par' dir='ltr' id='par_1_4' title="bbox 1451 17 1456 1200">
     <span class='ocr_line' id='line_1_40' title="bbox 1451 17 1456 1200; baseline 0 0"><span class='ocrx_word' id='word_1_282' title='bbox 1451 17 1456 1200; x_wconf 95' lang='lat' dir='ltr'><strong> </strong></span> 
     </span>
    </p>
   </div>
   <div class='ocr_carea' id='block_1_4' title="bbox 1451 990 1456 2054">
    <p class='ocr_par' dir='ltr' id='par_1_5' title="bbox 1451 990 1456 2054">
     <span class='ocr_line' id='line_1_41' title="bbox 1451 990 1456 2054; baseline 0 0"><span class='ocrx_word' id='word_1_283' title='bbox 1451 990 1456 2054; x_wconf 95' lang='lat' dir='ltr'><strong> </strong></span> 
     </span>
    </p>
   </div>
  </div>
 </body>
</html>
