1456 2396
297 388 376 441 M.
395 386 643 440 TULLII
684 385 1077 440 CICERONIS

657 532 723 563 DE

190 650 646 715 OPTIMO
715 650 1184 714 GENERE

384 798 985 869 ORATORUM.

621 998 760 1027 -ψ-

175 1154 210 1195 Ῑ.
239 1152 519 1194 ORATORUM
549 1166 689 1207 genera
718 1167 796 1194 oese
825 1153 1020 1203 dicuntur,
1049 1160 1252 1206 tamquam

118 1212 333 1262 poetarum.
363 1209 413 1248 Id
432 1222 537 1248 secus
555 1217 631 1248 est:
656 1222 748 1248 nam
768 1210 932 1248 alterum
951 1216 1007 1248 est
1020 1209 1249 1261 multiplex:

120 1263 307 1315 poematis
325 1264 429 1303 enim
448 1264 596 1315 tragici,
616 1264 764 1313 comici,
792 1264 902 1316 epici,
926 1263 1054 1302 melici
1073 1263 1187 1302 etiam
1207 1276 1252 1302 ac

120 1318 405 1370 difflyrambici,
436 1318 541 1370 quod
569 1318 693 1370 magis
723 1326 778 1358 ffit
806 1326 1010 1357 tractatum
1036 1331 1059 1356 a
1084 1316 1250 1366 Latinis,

121 1385 236 1411 suum
260 1373 421 1425 quodvis
443 1380 499 1411 est
521 1372 714 1412 diversum
736 1386 760 1411 a
781 1373 949 1425 reliquis.
990 1373 1129 1424 Itaque
1155 1379 1191 1410 et
1210 1371 1251 1409 in

119 1427 304 1479 tragoediss.
322 1427 511 1466 comicum
530 1427 710 1466 vitiosum
725 1434 794 1476 aet,
815 1435 852 1465 et
869 1428 909 1465 in
933 1426 1118 1465 comoedia
1141 1434 1253 1477 turpe

117 1481 333 1533 tragicum3
369 1489 406 1520 et
437 1481 478 1519 in
508 1482 651 1520 caeteris
681 1495 772 1520 suus
802 1489 858 1520 est
887 1481 1025 1533 cuique
1055 1493 1184 1529 sonus,
1214 1486 1252 1518 et

117 1536 297 1587 quaedam
319 1535 622 1587 intelligentibus
643 1544 735 1574 nota
757 1549 845 1574 vox.
886 1535 1098 1575 Oratorum
1120 1542 1252 1573 autem

116 1590 149 1629 si
178 1590 265 1642 quis
293 1590 348 1629 ita
369 1596 548 1628 numerat
568 1590 682 1641 plura
703 1603 856 1642 genera,
879 1598 925 1628 ut
954 1590 1048 1628 alios
1072 1588 1250 1641 grandes,

118 1652 185 1684 aut
215 1658 361 1696 gravoe,
389 1653 456 1683 aut
485 1644 667 1696 copiosos,
696 1645 790 1683 alios
814 1653 961 1693 tenues,
986 1651 1054 1682 aut
1078 1643 1252 1692 subtiles,

118 1707 186 1738 aut
204 1700 348 1746 breves,
370 1699 462 1737 alios
488 1699 541 1737 eis
562 1699 791 1750 interjectos,
818 1707 856 1738 et
882 1706 1083 1750 tamquam
1104 1697 1252 1737 medios

117 1761 252 1805 putet;
279 1754 327 1792 de
345 1753 567 1792 hominibus
585 1753 685 1793 dicet
702 1753 863 1806 aliquid,
884 1753 932 1792 de
954 1767 995 1792 re
1016 1766 1168 1805 parum,
1200 1753 1251 1791 In

116 1821 158 1846 re
182 1809 300 1857 enim,
330 1807 434 1861 quod
459 1808 651 1860 optimum
682 1808 743 1855 sit,
775 1807 986 1860 quaeritur:
1025 1808 1067 1845 in
1095 1806 1254 1845 homine

116 1861 269 1911 dicitur,
300 1862 404 1915 quod
438 1871 504 1902 est.
564 1864 704 1915 Itaque
733 1863 822 1901 licet
852 1862 974 1901 dicere
1005 1869 1042 1900 et
1070 1861 1251 1900 Ennium

118 1930 316 1955 summum
342 1917 493 1968 epicum
516 1918 685 1969 poetam,
707 1917 738 1955 si
757 1918 819 1956 cui
837 1916 891 1955 ita
909 1916 1084 1961 videtum
1116 1922 1153 1954 et
1173 1915 1251 1954 Pa-

119 1972 276 2010 cuvium
295 1972 508 2023 tragicum3
539 1980 577 2011 et
597 1972 797 2010 Caecilium
816 1972 973 2010 fortasse
992 1971 1195 2010 comicum.

171 2025 376 2065 Oratorem
407 2039 544 2078 genere
580 2039 658 2064 non
694 2026 852 2065 divido·
896 2025 1109 2078 perfectum
1146 2024 1250 2063 enim

117 2093 258 2131 quaero.
299 2080 438 2119 Unum
464 2089 519 2119 est
542 2088 673 2119 autem
695 2094 817 2133 genus
839 2080 1010 2132 perfecti,
1034 2092 1058 2118 a
1080 2092 1158 2132 quo
1182 2078 1251 2130 qui

116 2135 270 2184 absunt,
289 2147 367 2173 non
384 2148 522 2186 genere
540 2135 736 2183 differunt,
756 2143 800 2173 ut
812 2137 860 2173 ab
883 2134 997 2174 Attio
1015 2132 1250 2179 Terentius3

116 2189 210 2228 sed
199 2201 240 2228 m
258 2189 391 2229 eodem
411 2202 488 2228 non
508 2196 598 2229 sunt
611 2202 732 2242 paroe.
762 2188 950 2241 Optimus
968 2195 1024 2228 est
1043 2187 1147 2228 enim
1166 2199 1252 2228 ora-
