1456 2396
231 102 285 140 44
551 101 810 152 ORATOR,
840 102 946 142 cst.
968 103 1033 148 47·

229 206 336 261 quod
352 214 433 247 erat
449 209 649 259 usitatum,
669 210 735 249 sed
752 210 886 250 durius
903 210 1034 261 etiam,

288 282 521 333 Consiliam,
540 283 771 335 angariam,
791 290 906 336 atque
922 282 1057 324 extilm
1075 286 1314 335 interpretes.

231 357 420 410 Idemque
437 360 575 411 pergit,

288 435 504 486 Postquam
514 433 747 485 prodigiam
764 433 1022 488 horrifirzim,
1035 430 1262 486 portentz’lm
1273 445 1348 485 pa-

448 501 542 535 ὀυκ

232 575 320 614 quae
337 574 415 601 non
433 576 523 602 sane
542 570 632 602 sunt
648 563 689 601 in
708 562 886 602 omnibus
908 562 1052 601 neutris
1075 561 1227 600 usitata.
1266 560 1353 599 Nec

232 617 337 667 enim
359 617 523 655 dixerim
549 624 630 655 tam
655 618 831 666 libenter,
858 615 1015 655 armam
1029 617 1232 668 judicium
1265 614 1352 660 (etsi

232 678 289 709 est
305 671 411 722 apud
429 671 623 720 eumdem,

288 746 459 784 Nihilne
477 747 527 784 ad
545 750 581 785 te
600 747 805 799 dejudicio
822 743 980 785 armzim
997 745 1190 794 acciditfz')

232 847 352 886 quam
369 846 583 874 armorum.
618 835 649 873 J
650 847 713 873 am
739 837 801 878 (ut
824 833 1002 874 censoriae
1025 833 1170 872 tabulae
1184 832 1352 885 loquun-

232 896 313 937 tur)
321 887 502 940 fabrz‘im,
519 896 556 928 et
563 887 743 939 procz‘lm,
756 889 878 928 audeo
889 889 1026 937 dicere,
1039 900 1118 926 non
1125 888 1352 939 fabrorum,

233 950 272 981 et
282 955 505 993 procorum.
536 943 748 995 Planeque,
769 944 936 981 duorum
954 942 1352 993 virorumjudicium,

233 1003 316 1045 aut,
347 999 649 1035 triumvirorum
678 999 918 1048 capitalium,
942 1003 1024 1046 aut,
1048 997 1353 1034 decemvirorum

233 1051 366 1089 litibus
379 1052 620 1102 judicandis,
647 1051 731 1089 dieo
757 1063 973 1103 nunquam.
1011 1049 1139 1102 Atqui
1155 1049 1255 1088 dixit
1270 1049 1353 1088 Ac-

233 1105 328 1154 cius,
357 1106 474 1143 Video
492 1108 664 1156 sepulcra
685 1106 761 1143 dua
780 1106 947 1143 duorum
969 1117 1185 1154 corporum.
1218 1103 1351 1142 Idem-

233 1172 324 1209 que,
345 1160 502 1197 „Mulier
520 1172 598 1198 muz
617 1157 771 1197 timim
761 1157 902 1198 oirz‘lm.
930 1158 1041 1207 Quid
1058 1171 1193 1197 verum
1211 1157 1274 1205 sit,
1292 1157 1353 1195 in-

232 1213 388 1264 telligo:
423 1212 488 1252 sed
515 1213 608 1251 alias
636 1213 691 1251 ita
718 1214 868 1265 loquor,
900 1219 945 1251 ut
969 1224 1187 1251 eoncessum
1213 1219 1283 1259 est,
1308 1218 1354 1250 ut

232 1266 318 1317 hoc,
338 1268 413 1316 vel,
434 1269 520 1306 Pro
533 1265 666 1307 Deum
685 1267 783 1317 dico,
807 1268 882 1317 vel,
903 1269 990 1305 Pro
1007 1269 1210 1312 Deorum3
1242 1265 1350 1314 alias,

232 1328 278 1359 ut
309 1334 457 1360 necesse
489 1329 558 1370 est,
589 1335 679 1361 cum
708 1323 884 1360 trium0
862 1319 1010 1370 virilm,
1038 1333 1117 1360 non
1143 1322 1351 1366 virorum,-

233 1387 323 1413 cum
349 1373 569 1414 sestertium
593 1389 813 1424 nummum,
840 1388 919 1415 non
939 1387 1219 1422 nummorum3
1247 1373 1354 1427 quod

231 1429 273 1468 in
292 1429 352 1468 his
371 1430 603 1469 consuetudo
622 1430 726 1469 varia
744 1442 822 1468 non
840 1438 908 1469 est.

287 1483 470 1523 XLVII.
500 1483 622 1533 Quid,
646 1484 751 1535 quod
773 1484 826 1524 sic
849 1484 971 1536 loqui,
996 1481 1118 1532 nosse,
1137 1480 1352 1536 judicasse,

233 1544 388 1584 vetant3
418 1540 580 1585 novisse,
608 1539 761 1588 jubent,
785 1545 823 1577 et
836 1538 1108 1590 judicavisse?
1136 1538 1247 1589 quasi
1263 1550 1353 1576 vero

233 1591 460 1640 nesciamus,
490 1592 532 1630 in
559 1592 632 1631 hoc
661 1605 799 1643 genere
828 1600 866 1630 et
886 1593 1047 1644 plenum
1068 1593 1230 1631 verbum
1253 1598 1354 1630 recte

233 1645 323 1693 diei,
339 1653 377 1684 et
389 1645 640 1684 imminutum
654 1647 802 1686 usitate.
832 1647 971 1698 Itaque
983 1652 1192 1698 utrumque
1205 1645 1353 1684 Teren-

234 1700 326 1748 tius,
358 1700 475 1738 Eho!
511 1705 554 1738 tu
576 1705 783 1751 cognatum
808 1706 921 1739 tuum
941 1713 1017 1739 non
1037 1698 1186 1738 noras?
1242 1699 1350 1748 Post,

233 1754 352 1803 idem,
373 1755 626 1805 Stilphonem,
650 1756 824 1805 inquam,
846 1754 1040 1794 noveram?
1070 1755 1169 1802 Siet,
1191 1753 1352 1806 plenum

233 1815 316 1853 αις
355 1809 421 1856 sit,
458 1807 738 1848 imminutum:
778 1809 868 1849 licet
897 1815 1006 1848 utare
1035 1814 1222 1860 utroque:
1262 1820 1353 1860 ergo
1390 1816 1394 1818 ’

232 1861 393 1910 ibidem,

292 1936 421 1982 Quam
439 1948 530 1975 cara
547 1939 640 1987 sint,
660 1951 745 1989 quae
756 1943 847 1989 post
864 1938 1026 1978 carendo
1044 1938 1283 1987 intelligunt,

236 2023 242 2026 ’
292 2010 492 2062 Quamque
509 2012 699 2049 attinendi
717 2014 854 2063 magni
872 2013 1091 2052 dominatus
1107 2012 1219 2051 sient.

236 2077 322 2118 Nec
339 2091 427 2118 vero
444 2078 765 2132 reprehenderim,

257 2182 338 2194 .....
344 2151 543 2208 δενὶρεένσ
566 2155 638 2195 alii
664 2167 773 2194 rem.-
805 2163 841 2195 et
863 2156 1101 2207 scripserunt
1127 2165 1206 2194 esse
1230 2151 1353 2193 verius
