<?xml version="1.0" encoding="UTF-8"?>
<!DOCTYPE html PUBLIC "-//W3C//DTD XHTML 1.0 Transitional//EN"
    "http://www.w3.org/TR/xhtml1/DTD/xhtml1-transitional.dtd">
<html xmlns="http://www.w3.org/1999/xhtml" xml:lang="en" lang="en">
 <head>
  <title>
</title>
<meta http-equiv="Content-Type" content="text/html;charset=utf-8" />
  <meta name='ocr-system' content='tesseract 3.04.00' />
  <meta name='ocr-capabilities' content='ocr_page ocr_carea ocr_par ocr_line ocrx_word'/>
</head>
<body>
  <div class='ocr_page' id='page_1' title='image "./operaern02ciceuoft_0143.png"; bbox 0 0 1456 2396; ppageno 0'>
   <div class='ocr_carea' id='block_1_1' title="bbox 225 62 1212 115">
    <p class='ocr_par' dir='ltr' id='par_1_1' title="bbox 225 62 1212 115">
     <span class='ocr_line' id='line_1_1' title="bbox 225 62 1212 115; baseline -0.001 -12"><span class='ocrx_word' id='word_1_1' title='bbox 225 62 400 104; x_wconf 86' lang='lat' dir='ltr'>ORAT.</span> <span class='ocrx_word' id='word_1_2' title='bbox 432 63 850 115; x_wconf 87' lang='lat' dir='ltr'>PARTITIONES,</span> <span class='ocrx_word' id='word_1_3' title='bbox 880 65 987 105; x_wconf 80' lang='lat' dir='ltr'>CAP.</span> <span class='ocrx_word' id='word_1_4' title='bbox 1008 63 1074 103; x_wconf 85' lang='lat'>35.</span> <span class='ocrx_word' id='word_1_5' title='bbox 1133 62 1212 102; x_wconf 77' lang='lat'>129</span> 
     </span>
    </p>
   </div>
   <div class='ocr_carea' id='block_1_2' title="bbox 85 171 1241 2246">
    <p class='ocr_par' dir='ltr' id='par_1_2' title="bbox 85 171 1241 2246">
     <span class='ocr_line' id='line_1_2' title="bbox 139 171 1213 228; baseline -0.001 -17"><span class='ocrx_word' id='word_1_6' title='bbox 139 171 320 212; x_wconf 91' lang='lat' dir='ltr'>XXXV.</span> <span class='ocrx_word' id='word_1_7' title='bbox 360 173 604 214; x_wconf 88' lang='lat' dir='ltr'>Defensionis</span> <span class='ocrx_word' id='word_1_8' title='bbox 636 181 767 214; x_wconf 88' lang='lat' dir='ltr'>autem</span> <span class='ocrx_word' id='word_1_9' title='bbox 798 176 973 228; x_wconf 88' lang='lat' dir='ltr'>primum</span> <span class='ocrx_word' id='word_1_10' title='bbox 1003 171 1213 214; x_wconf 84' lang='lat' dir='ltr'>infirmatio</span> 
     </span>
     <span class='ocr_line' id='line_1_3' title="bbox 87 229 1212 279; baseline -0.002 -13"><span class='ocrx_word' id='word_1_11' title='bbox 87 240 314 275; x_wconf 83' lang='lat' dir='ltr'>causarum3</span> <span class='ocrx_word' id='word_1_12' title='bbox 344 236 412 267; x_wconf 89' lang='lat' dir='ltr'>aut</span> <span class='ocrx_word' id='word_1_13' title='bbox 433 241 511 267; x_wconf 88' lang='lat' dir='ltr'>non</span> <span class='ocrx_word' id='word_1_14' title='bbox 532 229 664 279; x_wconf 86' lang='lat' dir='ltr'>fuisse,</span> <span class='ocrx_word' id='word_1_15' title='bbox 688 237 756 268; x_wconf 87' lang='lat' dir='ltr'>aut</span> <span class='ocrx_word' id='word_1_16' title='bbox 780 243 857 269; x_wconf 89' lang='lat' dir='ltr'>non</span> <span class='ocrx_word' id='word_1_17' title='bbox 883 238 1022 278; x_wconf 83' lang='lat' dir='ltr'>tantas,</span> <span class='ocrx_word' id='word_1_18' title='bbox 1049 236 1117 267; x_wconf 84' lang='lat' dir='ltr'>aut</span> <span class='ocrx_word' id='word_1_19' title='bbox 1134 239 1212 265; x_wconf 90' lang='lat' dir='ltr'>non</span> 
     </span>
     <span class='ocr_line' id='line_1_4' title="bbox 86 281 1211 336; baseline -0.003 -15"><span class='ocrx_word' id='word_1_20' title='bbox 86 281 159 321; x_wconf 87' lang='lat' dir='ltr'>sibi</span> <span class='ocrx_word' id='word_1_21' title='bbox 190 282 274 332; x_wconf 90' lang='lat' dir='ltr'>soli,</span> <span class='ocrx_word' id='word_1_22' title='bbox 305 290 372 321; x_wconf 91' lang='lat' dir='ltr'>aut</span> <span class='ocrx_word' id='word_1_23' title='bbox 400 284 640 322; x_wconf 83' lang='lat' dir='ltr'>commodius</span> <span class='ocrx_word' id='word_1_24' title='bbox 668 285 836 336; x_wconf 87' lang='lat' dir='ltr'>potuisse</span> <span class='ocrx_word' id='word_1_25' title='bbox 868 284 972 323; x_wconf 88' lang='lat' dir='ltr'>idem</span> <span class='ocrx_word' id='word_1_26' title='bbox 1006 281 1211 333; x_wconf 82' lang='lat' dir='ltr'>consequi3</span> 
     </span>
     <span class='ocr_line' id='line_1_5' title="bbox 85 337 1215 387; baseline -0.002 -12"><span class='ocrx_word' id='word_1_27' title='bbox 85 343 154 375; x_wconf 86' lang='lat' dir='ltr'>aut</span> <span class='ocrx_word' id='word_1_28' title='bbox 171 349 248 375; x_wconf 90' lang='lat' dir='ltr'>non</span> <span class='ocrx_word' id='word_1_29' title='bbox 267 337 313 375; x_wconf 91' lang='lat' dir='ltr'>iis</span> <span class='ocrx_word' id='word_1_30' title='bbox 331 350 370 375; x_wconf 91' lang='lat' dir='ltr'>se</span> <span class='ocrx_word' id='word_1_31' title='bbox 389 350 468 376; x_wconf 89' lang='lat' dir='ltr'>esse</span> <span class='ocrx_word' id='word_1_32' title='bbox 485 339 672 387; x_wconf 82' lang='lat' dir='ltr'>moribus,</span> <span class='ocrx_word' id='word_1_33' title='bbox 692 351 770 377; x_wconf 93' lang='lat' dir='ltr'>non</span> <span class='ocrx_word' id='word_1_34' title='bbox 797 340 841 377; x_wconf 63' lang='lat' dir='ltr'>ea</span> <span class='ocrx_word' id='word_1_35' title='bbox 863 339 967 385; x_wconf 65' lang='lat' dir='ltr'>vit313</span> <span class='ocrx_word' id='word_1_36' title='bbox 997 345 1064 376; x_wconf 87' lang='lat' dir='ltr'>aut</span> <span class='ocrx_word' id='word_1_37' title='bbox 1087 337 1215 374; x_wconf 89' lang='lat' dir='ltr'>nullos</span> 
     </span>
     <span class='ocr_line' id='line_1_6' title="bbox 86 391 1215 445; baseline -0.001 -17"><span class='ocrx_word' id='word_1_38' title='bbox 86 391 207 429; x_wconf 86' lang='lat' dir='ltr'>animi</span> <span class='ocrx_word' id='word_1_39' title='bbox 224 399 366 439; x_wconf 87' lang='lat' dir='ltr'>motus,</span> <span class='ocrx_word' id='word_1_40' title='bbox 388 400 455 429; x_wconf 86' lang='lat' dir='ltr'>aut</span> <span class='ocrx_word' id='word_1_41' title='bbox 472 404 549 430; x_wconf 92' lang='lat' dir='ltr'>non</span> <span class='ocrx_word' id='word_1_42' title='bbox 569 400 650 431; x_wconf 86' lang='lat' dir='ltr'>tam</span> <span class='ocrx_word' id='word_1_43' title='bbox 668 393 897 445; x_wconf 84' lang='lat' dir='ltr'><strong>impotentes</strong></span> <span class='ocrx_word' id='word_1_44' title='bbox 916 393 1043 431; x_wconf 85' lang='lat' dir='ltr'>fuisse.</span> <span class='ocrx_word' id='word_1_45' title='bbox 1074 391 1215 429; x_wconf 86' lang='lat' dir='ltr'>Facul-</span> 
     </span>
     <span class='ocr_line' id='line_1_7' title="bbox 87 446 1218 496; baseline -0.001 -13"><span class='ocrx_word' id='word_1_46' title='bbox 87 451 213 483; x_wconf 87' lang='lat' dir='ltr'><strong>tatum</strong></span> <span class='ocrx_word' id='word_1_47' title='bbox 242 453 373 484; x_wconf 85' lang='lat' dir='ltr'>autem</span> <span class='ocrx_word' id='word_1_48' title='bbox 402 446 658 486; x_wconf 81' lang='lat' dir='ltr'>infirmatione</span> <span class='ocrx_word' id='word_1_49' title='bbox 679 456 824 496; x_wconf 85' lang='lat' dir='ltr'>utetur,</span> <span class='ocrx_word' id='word_1_50' title='bbox 856 448 887 486; x_wconf 89' lang='lat' dir='ltr'>si</span> <span class='ocrx_word' id='word_1_51' title='bbox 917 455 984 485; x_wconf 90' lang='lat' dir='ltr'>aut</span> <span class='ocrx_word' id='word_1_52' title='bbox 1009 446 1120 491; x_wconf 75' lang='lat' dir='ltr'>vires,</span> <span class='ocrx_word' id='word_1_53' title='bbox 1148 451 1218 482; x_wconf 87' lang='lat' dir='ltr'>aut</span> 
     </span>
     <span class='ocr_line' id='line_1_8' title="bbox 87 499 1217 554; baseline -0.001 -17"><span class='ocrx_word' id='word_1_54' title='bbox 87 499 278 548; x_wconf 81' lang='lat' dir='ltr'>animum,</span> <span class='ocrx_word' id='word_1_55' title='bbox 298 508 366 538; x_wconf 82' lang='lat' dir='ltr'>aut</span> <span class='ocrx_word' id='word_1_56' title='bbox 379 501 520 552; x_wconf 85' lang='lat' dir='ltr'>copias,</span> <span class='ocrx_word' id='word_1_57' title='bbox 536 509 603 540; x_wconf 83' lang='lat' dir='ltr'>aut</span> <span class='ocrx_word' id='word_1_58' title='bbox 616 515 720 554; x_wconf 90' lang='lat' dir='ltr'>opes,</span> <span class='ocrx_word' id='word_1_59' title='bbox 738 502 904 541; x_wconf 87' lang='lat' dir='ltr'>abfuisse</span> <span class='ocrx_word' id='word_1_60' title='bbox 918 499 1217 544; x_wconf 78' lang='lat' dir='ltr'>demonstrabit3</span> 
     </span>
     <span class='ocr_line' id='line_1_9' title="bbox 87 554 1220 618; baseline -0.002 -26"><span class='ocrx_word' id='word_1_61' title='bbox 87 562 156 592; x_wconf 87' lang='lat' dir='ltr'>aut</span> <span class='ocrx_word' id='word_1_62' title='bbox 184 554 353 593; x_wconf 91' lang='lat' dir='ltr'>alienum</span> <span class='ocrx_word' id='word_1_63' title='bbox 383 562 550 607; x_wconf 88' lang='lat' dir='ltr'>tempus,</span> <span class='ocrx_word' id='word_1_64' title='bbox 576 564 643 594; x_wconf 88' lang='lat' dir='ltr'>aut</span> <span class='ocrx_word' id='word_1_65' title='bbox 665 557 794 595; x_wconf 85' lang='lat' dir='ltr'>locum</span> <span class='ocrx_word' id='word_1_66' title='bbox 817 569 895 595; x_wconf 90' lang='lat' dir='ltr'>non</span> <span class='ocrx_word' id='word_1_67' title='bbox 923 556 1120 618; x_wconf 74' lang='lat' dir='ltr'>idqneum,</span> <span class='ocrx_word' id='word_1_68' title='bbox 1151 560 1220 591; x_wconf 87' lang='lat' dir='ltr'>aut</span> 
     </span>
     <span class='ocr_line' id='line_1_10' title="bbox 88 609 1219 662; baseline -0.002 -16"><span class='ocrx_word' id='word_1_69' title='bbox 88 609 232 647; x_wconf 80' lang='lat' dir='ltr'>multos</span> <span class='ocrx_word' id='word_1_70' title='bbox 254 609 427 659; x_wconf 83' lang='lat' dir='ltr'>arbitros,</span> <span class='ocrx_word' id='word_1_71' title='bbox 453 624 620 662; x_wconf 91' lang='lat' dir='ltr'>quorum</span> <span class='ocrx_word' id='word_1_72' title='bbox 648 612 814 650; x_wconf 87' lang='lat' dir='ltr'>crederet</span> <span class='ocrx_word' id='word_1_73' title='bbox 841 610 1011 649; x_wconf 87' lang='lat' dir='ltr'><strong>nemim.</strong></span> <span class='ocrx_word' id='word_1_74' title='bbox 1048 617 1114 647; x_wconf 87' lang='lat' dir='ltr'>aut</span> <span class='ocrx_word' id='word_1_75' title='bbox 1141 620 1219 645; x_wconf 90' lang='lat' dir='ltr'>non</span> 
     </span>
     <span class='ocr_line' id='line_1_11' title="bbox 89 663 1220 718; baseline -0.002 -17"><span class='ocrx_word' id='word_1_76' title='bbox 89 675 130 701; x_wconf 78' lang='lat' dir='ltr'>se</span> <span class='ocrx_word' id='word_1_77' title='bbox 148 670 229 702; x_wconf 86' lang='lat' dir='ltr'>tam</span> <span class='ocrx_word' id='word_1_78' title='bbox 246 663 436 716; x_wconf 88' lang='lat' dir='ltr'>ineptum,</span> <span class='ocrx_word' id='word_1_79' title='bbox 457 672 501 703; x_wconf 91' lang='lat' dir='ltr'>ut</span> <span class='ocrx_word' id='word_1_80' title='bbox 519 665 560 703; x_wconf 89' lang='lat' dir='ltr'>id</span> <span class='ocrx_word' id='word_1_81' title='bbox 579 666 797 718; x_wconf 86' lang='lat' dir='ltr'>susciperet,</span> <span class='ocrx_word' id='word_1_82' title='bbox 818 665 924 718; x_wconf 83' lang='lat' dir='ltr'>quod</span> <span class='ocrx_word' id='word_1_83' title='bbox 941 664 1129 703; x_wconf 82' lang='lat' dir='ltr'>occultare</span> <span class='ocrx_word' id='word_1_84' title='bbox 1143 675 1220 700; x_wconf 86' lang='lat' dir='ltr'>non</span> 
     </span>
     <span class='ocr_line' id='line_1_12' title="bbox 90 716 1222 772; baseline 0.001 -16"><span class='ocrx_word' id='word_1_85' title='bbox 90 724 230 769; x_wconf 88' lang='lat' dir='ltr'>posset,</span> <span class='ocrx_word' id='word_1_86' title='bbox 261 731 386 770; x_wconf 89' lang='lat' dir='ltr'>neque</span> <span class='ocrx_word' id='word_1_87' title='bbox 415 726 495 757; x_wconf 89' lang='lat' dir='ltr'>tam</span> <span class='ocrx_word' id='word_1_88' title='bbox 526 728 734 768; x_wconf 85' lang='lat' dir='ltr'><strong>amentem,</strong></span> <span class='ocrx_word' id='word_1_89' title='bbox 764 728 810 759; x_wconf 91' lang='lat' dir='ltr'>ut</span> <span class='ocrx_word' id='word_1_90' title='bbox 841 732 971 772; x_wconf 87' lang='lat' dir='ltr'>poenas</span> <span class='ocrx_word' id='word_1_91' title='bbox 1004 731 1047 757; x_wconf 85' lang='lat' dir='ltr'>ac</span> <span class='ocrx_word' id='word_1_92' title='bbox 1076 716 1222 767; x_wconf 78' lang='lat' dir='ltr'>judicia</span> 
     </span>
     <span class='ocr_line' id='line_1_13' title="bbox 90 771 1222 826; baseline -0.002 -16"><span class='ocrx_word' id='word_1_93' title='bbox 90 779 358 811; x_wconf 82' lang='lat' dir='ltr'>contemneret.</span> <span class='ocrx_word' id='word_1_94' title='bbox 384 773 668 826; x_wconf 87' lang='lat' dir='ltr'>Consequentia</span> <span class='ocrx_word' id='word_1_95' title='bbox 681 783 812 814; x_wconf 87' lang='lat' dir='ltr'>autem</span> <span class='ocrx_word' id='word_1_96' title='bbox 827 775 962 822; x_wconf 89' lang='lat' dir='ltr'>diluet,</span> <span class='ocrx_word' id='word_1_97' title='bbox 979 771 1222 824; x_wconf 80' lang='lat' dir='ltr'>exponendo,</span> 
     </span>
     <span class='ocr_line' id='line_1_14' title="bbox 92 825 1222 882; baseline -0.002 -17"><span class='ocrx_word' id='word_1_98' title='bbox 92 838 171 865; x_wconf 89' lang='lat' dir='ltr'>non</span> <span class='ocrx_word' id='word_1_99' title='bbox 189 840 268 866; x_wconf 91' lang='lat' dir='ltr'>esse</span> <span class='ocrx_word' id='word_1_100' title='bbox 285 827 353 866; x_wconf 87' lang='lat' dir='ltr'>illa</span> <span class='ocrx_word' id='word_1_101' title='bbox 371 836 473 866; x_wconf 86' lang='lat' dir='ltr'>certa</span> <span class='ocrx_word' id='word_1_102' title='bbox 489 828 630 868; x_wconf 89' lang='lat' dir='ltr'>indicia</span> <span class='ocrx_word' id='word_1_103' title='bbox 648 830 752 878; x_wconf 86' lang='lat' dir='ltr'>facti,</span> <span class='ocrx_word' id='word_1_104' title='bbox 773 844 875 882; x_wconf 87' lang='lat' dir='ltr'>quae,</span> <span class='ocrx_word' id='word_1_105' title='bbox 896 829 1012 867; x_wconf 87' lang='lat' dir='ltr'>etiam</span> <span class='ocrx_word' id='word_1_106' title='bbox 1026 827 1135 864; x_wconf 90' lang='lat' dir='ltr'>nullo</span> <span class='ocrx_word' id='word_1_107' title='bbox 1155 825 1222 863; x_wconf 85' lang='lat' dir='ltr'>ad-</span> 
     </span>
     <span class='ocr_line' id='line_1_15' title="bbox 92 880 1221 936; baseline -0.002 -16"><span class='ocrx_word' id='word_1_108' title='bbox 92 881 223 931; x_wconf 88' lang='lat' dir='ltr'>misso,</span> <span class='ocrx_word' id='word_1_109' title='bbox 254 883 435 935; x_wconf 88' lang='lat' dir='ltr'>consequi</span> <span class='ocrx_word' id='word_1_110' title='bbox 464 892 641 935; x_wconf 87' lang='lat' dir='ltr'>possent·</span> <span class='ocrx_word' id='word_1_111' title='bbox 677 884 930 936; x_wconf 86' lang='lat' dir='ltr'><strong>consistetque</strong></span> <span class='ocrx_word' id='word_1_112' title='bbox 959 883 999 920; x_wconf 90' lang='lat' dir='ltr'>in</span> <span class='ocrx_word' id='word_1_113' title='bbox 1031 880 1221 932; x_wconf 79' lang='lat' dir='ltr'>singuli53</span> 
     </span>
     <span class='ocr_line' id='line_1_16' title="bbox 92 934 1223 1000; baseline -0.002 -26"><span class='ocrx_word' id='word_1_114' title='bbox 92 942 132 974; x_wconf 89' lang='lat' dir='ltr'>et</span> <span class='ocrx_word' id='word_1_115' title='bbox 157 949 214 985; x_wconf 84' lang='lat' dir='ltr'>ea,</span> <span class='ocrx_word' id='word_1_116' title='bbox 241 944 310 975; x_wconf 87' lang='lat' dir='ltr'>aut</span> <span class='ocrx_word' id='word_1_117' title='bbox 333 950 481 1000; x_wconf 80' lang='lat' dir='ltr'>eorum,</span> <span class='ocrx_word' id='word_1_118' title='bbox 507 952 594 990; x_wconf 87' lang='lat' dir='ltr'>quae</span> <span class='ocrx_word' id='word_1_119' title='bbox 616 939 698 991; x_wconf 86' lang='lat' dir='ltr'>ipse</span> <span class='ocrx_word' id='word_1_120' title='bbox 721 939 823 978; x_wconf 84' lang='lat' dir='ltr'>facta</span> <span class='ocrx_word' id='word_1_121' title='bbox 845 952 924 977; x_wconf 88' lang='lat' dir='ltr'>esse</span> <span class='ocrx_word' id='word_1_122' title='bbox 943 936 1048 984; x_wconf 78' lang='lat' dir='ltr'>dicit,</span> <span class='ocrx_word' id='word_1_123' title='bbox 1068 934 1223 987; x_wconf 88' lang='lat' dir='ltr'>propria</span> 
     </span>
     <span class='ocr_line' id='line_1_17' title="bbox 92 989 1223 1045; baseline -0.001 -17"><span class='ocrx_word' id='word_1_124' title='bbox 92 1003 172 1029; x_wconf 89' lang='lat' dir='ltr'>esse</span> <span class='ocrx_word' id='word_1_125' title='bbox 190 991 369 1030; x_wconf 85' lang='lat' dir='ltr'>defendet</span> <span class='ocrx_word' id='word_1_126' title='bbox 387 993 528 1044; x_wconf 86' lang='lat' dir='ltr'>potius,</span> <span class='ocrx_word' id='word_1_127' title='bbox 549 1007 668 1045; x_wconf 90' lang='lat' dir='ltr'>quam</span> <span class='ocrx_word' id='word_1_128' title='bbox 688 993 879 1039; x_wconf 74' lang='grc' dir='ltr'><strong>01111111115ς</strong></span> <span class='ocrx_word' id='word_1_129' title='bbox 904 999 972 1031; x_wconf 88' lang='lat' dir='ltr'>aut</span> <span class='ocrx_word' id='word_1_130' title='bbox 990 991 1021 1029; x_wconf 92' lang='lat' dir='ltr'>si</span> <span class='ocrx_word' id='word_1_131' title='bbox 1041 989 1113 1029; x_wconf 92' lang='lat' dir='ltr'>sibi</span> <span class='ocrx_word' id='word_1_132' title='bbox 1132 1002 1223 1028; x_wconf 90' lang='lat' dir='ltr'>cum</span> 
     </span>
     <span class='ocr_line' id='line_1_18' title="bbox 92 1044 1222 1107; baseline -0.002 -24"><span class='ocrx_word' id='word_1_133' title='bbox 92 1053 308 1085; x_wconf 84' lang='lat' dir='ltr'>accusatore</span> <span class='ocrx_word' id='word_1_134' title='bbox 344 1048 566 1086; x_wconf 86' lang='lat' dir='ltr'>communia</span> <span class='ocrx_word' id='word_1_135' title='bbox 603 1057 740 1096; x_wconf 85' lang='lat' dir='ltr'><strong>essent,</strong></span> <span class='ocrx_word' id='word_1_136' title='bbox 776 1061 846 1100; x_wconf 91' lang='lat' dir='ltr'>pro</span> <span class='ocrx_word' id='word_1_137' title='bbox 877 1046 1048 1107; x_wconf 87' lang='lat' dir='ltr'>periculo</span> <span class='ocrx_word' id='word_1_138' title='bbox 1080 1044 1222 1096; x_wconf 87' lang='lat' dir='ltr'>potius,</span> 
     </span>
     <span class='ocr_line' id='line_1_19' title="bbox 94 1100 1225 1152; baseline -0.001 -15"><span class='ocrx_word' id='word_1_139' title='bbox 94 1113 214 1152; x_wconf 90' lang='lat' dir='ltr'>quam</span> <span class='ocrx_word' id='word_1_140' title='bbox 238 1108 369 1140; x_wconf 85' lang='lat' dir='ltr'>contra</span> <span class='ocrx_word' id='word_1_141' title='bbox 391 1103 569 1151; x_wconf 89' lang='lat' dir='ltr'>salutem,</span> <span class='ocrx_word' id='word_1_142' title='bbox 590 1103 716 1142; x_wconf 88' lang='lat' dir='ltr'>valere</span> <span class='ocrx_word' id='word_1_143' title='bbox 738 1102 900 1142; x_wconf 86' lang='lat' dir='ltr'>debere.</span> <span class='ocrx_word' id='word_1_144' title='bbox 931 1100 1165 1151; x_wconf 86' lang='lat' dir='ltr'>testiumque</span> <span class='ocrx_word' id='word_1_145' title='bbox 1188 1105 1225 1137; x_wconf 89' lang='lat' dir='ltr'>et</span> 
     </span>
     <span class='ocr_line' id='line_1_20' title="bbox 93 1153 1225 1209; baseline -0.001 -17"><span class='ocrx_word' id='word_1_146' title='bbox 93 1156 351 1206; x_wconf 86' lang='lat' dir='ltr'>quaestionum</span> <span class='ocrx_word' id='word_1_147' title='bbox 377 1169 498 1209; x_wconf 89' lang='lat' dir='ltr'>genus</span> <span class='ocrx_word' id='word_1_148' title='bbox 526 1157 764 1207; x_wconf 89' lang='lat' dir='ltr'>universum,</span> <span class='ocrx_word' id='word_1_149' title='bbox 796 1165 848 1207; x_wconf 86' lang='lat' dir='ltr'>et,</span> <span class='ocrx_word' id='word_1_150' title='bbox 873 1155 978 1209; x_wconf 89' lang='lat' dir='ltr'>quod</span> <span class='ocrx_word' id='word_1_151' title='bbox 1004 1154 1156 1207; x_wconf 88' lang='lat' dir='ltr'>poterit,</span> <span class='ocrx_word' id='word_1_152' title='bbox 1184 1153 1225 1191; x_wconf 90' lang='lat' dir='ltr'>in</span> 
     </span>
     <span class='ocr_line' id='line_1_21' title="bbox 96 1208 1226 1272; baseline -0.001 -25"><span class='ocrx_word' id='word_1_153' title='bbox 96 1209 271 1261; x_wconf 87' lang='lat' dir='ltr'>singulis,</span> <span class='ocrx_word' id='word_1_154' title='bbox 292 1224 340 1249; x_wconf 85' lang='lat' dir='ltr'>ex</span> <span class='ocrx_word' id='word_1_155' title='bbox 358 1212 658 1263; x_wconf 86' lang='lat' dir='ltr'>reprehensionis</span> <span class='ocrx_word' id='word_1_156' title='bbox 675 1212 782 1261; x_wconf 88' lang='grc'><strong>10015,</strong></span> <span class='ocrx_word' id='word_1_157' title='bbox 803 1212 851 1251; x_wconf 91' lang='lat' dir='ltr'>de</span> <span class='ocrx_word' id='word_1_158' title='bbox 874 1211 1016 1272; x_wconf 91' lang='lat' dir='ltr'>quibus</span> <span class='ocrx_word' id='word_1_159' title='bbox 1039 1216 1127 1248; x_wconf 89' lang='lat' dir='ltr'>ante</span> <span class='ocrx_word' id='word_1_160' title='bbox 1145 1208 1226 1246; x_wconf 85' lang='lat' dir='ltr'>dic-</span> 
     </span>
     <span class='ocr_line' id='line_1_22' title="bbox 95 1262 1228 1317; baseline -0.001 -16"><span class='ocrx_word' id='word_1_161' title='bbox 95 1269 183 1301; x_wconf 89' lang='lat' dir='ltr'>tum</span> <span class='ocrx_word' id='word_1_162' title='bbox 203 1273 272 1312; x_wconf 86' lang='lat' dir='ltr'>est,</span> <span class='ocrx_word' id='word_1_163' title='bbox 293 1265 450 1305; x_wconf 88' lang='lat' dir='ltr'>refellet.</span> <span class='ocrx_word' id='word_1_164' title='bbox 492 1267 647 1305; x_wconf 88' lang='lat' dir='ltr'>Harum</span> <span class='ocrx_word' id='word_1_165' title='bbox 670 1280 872 1306; x_wconf 89' lang='lat' dir='ltr'>causarum</span> <span class='ocrx_word' id='word_1_166' title='bbox 894 1264 1082 1317; x_wconf 89' lang='lat' dir='ltr'>principia</span> <span class='ocrx_word' id='word_1_167' title='bbox 1105 1262 1228 1314; x_wconf 86' lang='lat' dir='ltr'>suspi-</span> 
     </span>
     <span class='ocr_line' id='line_1_23' title="bbox 96 1318 1230 1373; baseline -0.002 -17"><span class='ocrx_word' id='word_1_168' title='bbox 96 1318 199 1357; x_wconf 86' lang='lat' dir='ltr'>ciosa</span> <span class='ocrx_word' id='word_1_169' title='bbox 217 1319 265 1357; x_wconf 89' lang='lat' dir='ltr'>ad</span> <span class='ocrx_word' id='word_1_170' title='bbox 284 1321 528 1359; x_wconf 88' lang='lat' dir='ltr'>acerbitatem</span> <span class='ocrx_word' id='word_1_171' title='bbox 547 1323 596 1360; x_wconf 90' lang='lat' dir='ltr'>ab</span> <span class='ocrx_word' id='word_1_172' title='bbox 615 1329 829 1360; x_wconf 87' lang='lat' dir='ltr'>accusatore</span> <span class='ocrx_word' id='word_1_173' title='bbox 842 1318 1230 1373; x_wconf 80' lang='lat' dir='ltr'>ponentu13denun-</span> 
     </span>
     <span class='ocr_line' id='line_1_24' title="bbox 98 1372 1231 1427; baseline -0.001 -16"><span class='ocrx_word' id='word_1_174' title='bbox 98 1373 333 1426; x_wconf 86' lang='lat' dir='ltr'>tiabiturque</span> <span class='ocrx_word' id='word_1_175' title='bbox 349 1375 574 1414; x_wconf 85' lang='lat' dir='ltr'>insidiarum</span> <span class='ocrx_word' id='word_1_176' title='bbox 594 1388 799 1415; x_wconf 85' lang='lat' dir='ltr'>commune</span> <span class='ocrx_word' id='word_1_177' title='bbox 817 1375 1059 1427; x_wconf 90' lang='lat' dir='ltr'>periculum;</span> <span class='ocrx_word' id='word_1_178' title='bbox 1089 1372 1231 1411; x_wconf 88' lang='lat' dir='ltr'>excita-</span> 
     </span>
     <span class='ocr_line' id='line_1_25' title="bbox 101 1429 1231 1489; baseline -0.001 -24"><span class='ocrx_word' id='word_1_179' title='bbox 101 1429 322 1481; x_wconf 92' lang='lat' dir='ltr'>bunturque</span> <span class='ocrx_word' id='word_1_180' title='bbox 342 1430 476 1479; x_wconf 88' lang='lat' dir='ltr'>animi,</span> <span class='ocrx_word' id='word_1_181' title='bbox 496 1438 541 1468; x_wconf 91' lang='lat' dir='ltr'>ut</span> <span class='ocrx_word' id='word_1_182' title='bbox 560 1430 769 1469; x_wconf 85' lang='lat' dir='ltr'>attendant.</span> <span class='ocrx_word' id='word_1_183' title='bbox 800 1432 868 1468; x_wconf 94' lang='lat' dir='ltr'>Ab</span> <span class='ocrx_word' id='word_1_184' title='bbox 887 1442 951 1468; x_wconf 89' lang='lat' dir='ltr'>reo</span> <span class='ocrx_word' id='word_1_185' title='bbox 969 1435 1115 1489; x_wconf 80' lang='lat' dir='ltr'>autem,</span> <span class='ocrx_word' id='word_1_186' title='bbox 1136 1439 1231 1478; x_wconf 92' lang='lat' dir='ltr'>que-</span> 
     </span>
     <span class='ocr_line' id='line_1_26' title="bbox 100 1482 1229 1536; baseline -0.002 -16"><span class='ocrx_word' id='word_1_187' title='bbox 100 1482 180 1520; x_wconf 89' lang='lat' dir='ltr'>rela</span> <span class='ocrx_word' id='word_1_188' title='bbox 211 1484 364 1522; x_wconf 85' lang='lat' dir='ltr'>conflati</span> <span class='ocrx_word' id='word_1_189' title='bbox 396 1484 566 1524; x_wconf 90' lang='lat' dir='ltr'>criminis</span> <span class='ocrx_word' id='word_1_190' title='bbox 598 1486 920 1536; x_wconf 87' lang='lat' dir='ltr'>collectarumque</span> <span class='ocrx_word' id='word_1_191' title='bbox 953 1482 1229 1534; x_wconf 87' lang='lat' dir='ltr'>suspicionum,</span> 
     </span>
     <span class='ocr_line' id='line_1_27' title="bbox 98 1536 1232 1588; baseline -0.002 -13"><span class='ocrx_word' id='word_1_192' title='bbox 98 1544 139 1575; x_wconf 89' lang='lat' dir='ltr'>et</span> <span class='ocrx_word' id='word_1_193' title='bbox 165 1539 390 1577; x_wconf 85' lang='lat' dir='ltr'>accusatoris</span> <span class='ocrx_word' id='word_1_194' title='bbox 417 1539 578 1588; x_wconf 84' lang='lat' dir='ltr'>insidiae,</span> <span class='ocrx_word' id='word_1_195' title='bbox 608 1547 645 1578; x_wconf 94' lang='lat' dir='ltr'>et</span> <span class='ocrx_word' id='word_1_196' title='bbox 669 1539 763 1578; x_wconf 90' lang='lat' dir='ltr'>item</span> <span class='ocrx_word' id='word_1_197' title='bbox 785 1550 991 1577; x_wconf 86' lang='lat' dir='ltr'>commune</span> <span class='ocrx_word' id='word_1_198' title='bbox 1015 1536 1232 1588; x_wconf 86' lang='lat' dir='ltr'>periculum</span> 
     </span>
     <span class='ocr_line' id='line_1_28' title="bbox 99 1591 1233 1646; baseline -0.002 -17"><span class='ocrx_word' id='word_1_199' title='bbox 99 1592 325 1643; x_wconf 86' lang='lat' dir='ltr'>proferetur,</span> <span class='ocrx_word' id='word_1_200' title='bbox 346 1594 543 1646; x_wconf 88' lang='lat' dir='ltr'>animique</span> <span class='ocrx_word' id='word_1_201' title='bbox 561 1594 611 1632; x_wconf 88' lang='lat' dir='ltr'>ad</span> <span class='ocrx_word' id='word_1_202' title='bbox 622 1593 920 1633; x_wconf 83' lang='lat' dir='ltr'>misericordiam</span> <span class='ocrx_word' id='word_1_203' title='bbox 933 1591 1173 1635; x_wconf 76' lang='lat' dir='ltr'>allicientur3</span> <span class='ocrx_word' id='word_1_204' title='bbox 1195 1597 1233 1628; x_wconf 85' lang='lat' dir='ltr'>et</span> 
     </span>
     <span class='ocr_line' id='line_1_29' title="bbox 101 1645 1233 1699; baseline -0.002 -15"><span class='ocrx_word' id='word_1_205' title='bbox 101 1646 250 1686; x_wconf 74' lang='lat' dir='ltr'>modice</span> <span class='ocrx_word' id='word_1_206' title='bbox 280 1649 544 1687; x_wconf 88' lang='lat' dir='ltr'>benevolentia</span> <span class='ocrx_word' id='word_1_207' title='bbox 577 1648 754 1699; x_wconf 83' lang='lat' dir='ltr'>judicum</span> <span class='ocrx_word' id='word_1_208' title='bbox 791 1648 1002 1699; x_wconf 78' lang='lat' dir='ltr'>colligetur.</span> <span class='ocrx_word' id='word_1_209' title='bbox 1050 1645 1233 1683; x_wconf 83' lang='lat' dir='ltr'>Narratio</span> 
     </span>
     <span class='ocr_line' id='line_1_30' title="bbox 100 1699 1233 1755; baseline -0.003 -16"><span class='ocrx_word' id='word_1_210' title='bbox 100 1707 231 1740; x_wconf 82' lang='lat' dir='ltr'>autem</span> <span class='ocrx_word' id='word_1_211' title='bbox 251 1703 475 1742; x_wconf 86' lang='lat' dir='ltr'>accusatoris</span> <span class='ocrx_word' id='word_1_212' title='bbox 495 1703 565 1742; x_wconf 89' lang='lat' dir='ltr'>erit</span> <span class='ocrx_word' id='word_1_213' title='bbox 584 1703 694 1755; x_wconf 87' lang='lat' dir='ltr'>quasi</span> <span class='ocrx_word' id='word_1_214' title='bbox 712 1701 960 1741; x_wconf 87' lang='lat' dir='ltr'>membratim</span> <span class='ocrx_word' id='word_1_215' title='bbox 978 1700 1075 1753; x_wconf 88' lang='lat' dir='ltr'>gesti</span> <span class='ocrx_word' id='word_1_216' title='bbox 1089 1712 1164 1750; x_wconf 78' lang='lat' dir='ltr'>ne&lt;</span> <span class='ocrx_word' id='word_1_217' title='bbox 1165 1699 1233 1737; x_wconf 86' lang='lat' dir='ltr'>otii</span> 
     </span>
     <span class='ocr_line' id='line_1_31' title="bbox 100 1753 1232 1814; baseline -0.004 -20"><span class='ocrx_word' id='word_1_218' title='bbox 100 1756 308 1807; x_wconf 80' lang='lat' dir='ltr'>suspiciosa</span> <span class='ocrx_word' id='word_1_219' title='bbox 339 1758 571 1809; x_wconf 81' lang='lat' dir='ltr'>explicatio,</span> <span class='ocrx_word' id='word_1_220' title='bbox 591 1757 729 1810; x_wconf 88' lang='lat' dir='ltr'>sparsis</span> <span class='ocrx_word' id='word_1_221' title='bbox 767 1757 947 1796; x_wconf 87' lang='lat' dir='ltr'>omnibus</span> <span class='ocrx_word' id='word_1_222' title='bbox 979 1753 1232 1814; x_wconf 81' lang='lat' dir='ltr'>argumentis,</span> 
     </span>
     <span class='ocr_line' id='line_1_32' title="bbox 100 1807 1234 1870; baseline -0.004 -21"><span class='ocrx_word' id='word_1_223' title='bbox 100 1811 310 1849; x_wconf 87' lang='lat' dir='ltr'>obscuratis</span> <span class='ocrx_word' id='word_1_224' title='bbox 340 1812 634 1851; x_wconf 85' lang='lat' dir='ltr'>defensionibus.</span> <span class='ocrx_word' id='word_1_225' title='bbox 683 1811 902 1859; x_wconf 87' lang='lat' dir='ltr'>Defensori,</span> <span class='ocrx_word' id='word_1_226' title='bbox 935 1818 1002 1849; x_wconf 90' lang='lat' dir='ltr'>aut</span> <span class='ocrx_word' id='word_1_227' title='bbox 1034 1807 1234 1870; x_wconf 80' lang='lat' dir='ltr'>praeteritis</span> 
     </span>
     <span class='ocr_line' id='line_1_33' title="bbox 103 1863 1233 1919; baseline -0.004 -16"><span class='ocrx_word' id='word_1_228' title='bbox 103 1873 172 1903; x_wconf 89' lang='lat' dir='ltr'>aut</span> <span class='ocrx_word' id='word_1_229' title='bbox 189 1866 398 1904; x_wconf 83' lang='lat' dir='ltr'>obscuratis</span> <span class='ocrx_word' id='word_1_230' title='bbox 420 1867 682 1919; x_wconf 88' lang='lat' dir='ltr'>suspicionum</span> <span class='ocrx_word' id='word_1_231' title='bbox 704 1865 955 1918; x_wconf 80' lang='lat' dir='ltr'>argumentis,</span> <span class='ocrx_word' id='word_1_232' title='bbox 979 1876 1108 1903; x_wconf 88' lang='lat' dir='ltr'>rerum</span> <span class='ocrx_word' id='word_1_233' title='bbox 1133 1863 1233 1914; x_wconf 90' lang='lat' dir='ltr'>ipsa</span> 
     </span>
     <span class='ocr_line' id='line_1_34' title="bbox 104 1917 1235 1973; baseline -0.003 -16"><span class='ocrx_word' id='word_1_234' title='bbox 104 1932 193 1957; x_wconf 90' lang='lat' dir='ltr'>rum</span> <span class='ocrx_word' id='word_1_235' title='bbox 212 1928 368 1959; x_wconf 86' lang='lat' dir='ltr'>eventus</span> <span class='ocrx_word' id='word_1_236' title='bbox 387 1929 499 1960; x_wconf 88' lang='lat' dir='ltr'>erunt</span> <span class='ocrx_word' id='word_1_237' title='bbox 517 1934 702 1973; x_wconf 86' lang='lat' dir='ltr'>casusque</span> <span class='ocrx_word' id='word_1_238' title='bbox 717 1920 909 1958; x_wconf 84' lang='lat' dir='ltr'>narrandi.</span> <span class='ocrx_word' id='word_1_239' title='bbox 940 1919 989 1957; x_wconf 92' lang='lat' dir='ltr'>In</span> <span class='ocrx_word' id='word_1_240' title='bbox 1005 1917 1235 1957; x_wconf 85' lang='lat' dir='ltr'>confirman-</span> 
     </span>
     <span class='ocr_line' id='line_1_35' title="bbox 102 1971 1236 2034; baseline -0.004 -22"><span class='ocrx_word' id='word_1_241' title='bbox 102 1973 164 2012; x_wconf 87' lang='lat' dir='ltr'>dis</span> <span class='ocrx_word' id='word_1_242' title='bbox 182 1981 312 2012; x_wconf 87' lang='lat' dir='ltr'>autem</span> <span class='ocrx_word' id='word_1_243' title='bbox 330 1976 468 2015; x_wconf 86' lang='lat' dir='ltr'>nostris</span> <span class='ocrx_word' id='word_1_244' title='bbox 487 1975 898 2028; x_wconf 87' lang='lat' dir='ltr'>argumentationibus,</span> <span class='ocrx_word' id='word_1_245' title='bbox 918 1971 1236 2034; x_wconf 86' lang='lat' dir='ltr'>infirmandisque</span> 
     </span>
     <span class='ocr_line' id='line_1_36' title="bbox 104 2027 1235 2082; baseline -0.005 -15"><span class='ocrx_word' id='word_1_246' title='bbox 104 2029 313 2078; x_wconf 84' lang='lat' dir='ltr'>contrariis,</span> <span class='ocrx_word' id='word_1_247' title='bbox 342 2044 444 2082; x_wconf 78' lang='lat' dir='ltr'>saepe</span> <span class='ocrx_word' id='word_1_248' title='bbox 473 2038 586 2069; x_wconf 88' lang='lat' dir='ltr'>erunt</span> <span class='ocrx_word' id='word_1_249' title='bbox 614 2030 822 2069; x_wconf 87' lang='lat' dir='ltr'>accusatori</span> <span class='ocrx_word' id='word_1_250' title='bbox 853 2035 982 2067; x_wconf 85' lang='lat' dir='ltr'>motus</span> <span class='ocrx_word' id='word_1_251' title='bbox 1017 2027 1235 2065; x_wconf 84' lang='lat' dir='ltr'>animorum</span> 
     </span>
     <span class='ocr_line' id='line_1_37' title="bbox 104 2079 1237 2146; baseline -0.004 -26"><span class='ocrx_word' id='word_1_252' title='bbox 104 2081 302 2128; x_wconf 80' lang='lat' dir='ltr'>incitandi,</span> <span class='ocrx_word' id='word_1_253' title='bbox 323 2097 386 2127; x_wconf 83' lang='lat' dir='ltr'>reo</span> <span class='ocrx_word' id='word_1_254' title='bbox 404 2085 618 2146; x_wconf 77' lang='lat' dir='ltr'>mitigandi.</span> <span class='ocrx_word' id='word_1_255' title='bbox 649 2086 786 2136; x_wconf 86' lang='lat' dir='ltr'>Atque</span> <span class='ocrx_word' id='word_1_256' title='bbox 803 2084 886 2122; x_wconf 87' lang='lat' dir='ltr'>haec</span> <span class='ocrx_word' id='word_1_257' title='bbox 904 2082 1062 2134; x_wconf 82' lang='lat' dir='ltr'>quidem</span> <span class='ocrx_word' id='word_1_258' title='bbox 1082 2079 1237 2131; x_wconf 89' lang='lat' dir='ltr'>utrique</span> 
     </span>
     <span class='ocr_line' id='line_1_38' title="bbox 105 2135 1236 2190; baseline -0.004 -15"><span class='ocrx_word' id='word_1_259' title='bbox 105 2138 276 2177; x_wconf 88' lang='lat' dir='ltr'>maxime</span> <span class='ocrx_word' id='word_1_260' title='bbox 304 2138 344 2176; x_wconf 91' lang='lat' dir='ltr'>in</span> <span class='ocrx_word' id='word_1_261' title='bbox 374 2139 610 2190; x_wconf 87' lang='lat' dir='ltr'>peroratione</span> <span class='ocrx_word' id='word_1_262' title='bbox 638 2138 839 2178; x_wconf 86' lang='lat' dir='ltr'>facienda.</span> <span class='ocrx_word' id='word_1_263' title='bbox 879 2137 988 2175; x_wconf 87' lang='lat' dir='ltr'>alteri</span> <span class='ocrx_word' id='word_1_264' title='bbox 1017 2135 1236 2186; x_wconf 84' lang='lat' dir='ltr'>frequenta-</span> 
     </span>
     <span class='ocr_line' id='line_1_39' title="bbox 106 2188 1241 2246; baseline -0.005 -14"><span class='ocrx_word' id='word_1_265' title='bbox 106 2193 209 2234; x_wconf 84' lang='lat' dir='ltr'>tione</span> <span class='ocrx_word' id='word_1_266' title='bbox 236 2200 578 2246; x_wconf 84' lang='lat' dir='ltr'>argumentorum,</span> <span class='ocrx_word' id='word_1_267' title='bbox 592 2201 628 2233; x_wconf 90' lang='lat' dir='ltr'>et</span> <span class='ocrx_word' id='word_1_268' title='bbox 652 2192 932 2233; x_wconf 80' lang='lat' dir='ltr'>coacervatione</span> <span class='ocrx_word' id='word_1_269' title='bbox 952 2189 1155 2235; x_wconf 78' lang='lat' dir='ltr'>universa3</span> <span class='ocrx_word' id='word_1_270' title='bbox 1186 2188 1241 2226; x_wconf 85' lang='lat' dir='ltr'>al-</span> 
     </span>
    </p>
   </div>
  </div>
 </body>
</html>
