1456 2396
143 63 230 110 378
335 59 416 101 DE
444 57 1100 108 FINIBUS,1111³.11.cn.2.

147 179 268 225 atque
286 169 572 223 interrogando,
593 170 729 210 elicere
746 169 893 210 solebat
917 181 1052 210 eorum
1074 169 1292 224 opnione,

145 227 384 279 quibuscum
399 226 623 274 disserebat,
637 232 697 273 ut,
717 223 768 264 ad
787 238 832 264 ea
843 238 932 278 quae
946 225 975 264 ii
993 225 1291 279 respondissent,

66 328 70 332 .
147 280 523 334 siquidvideretur,
537 279 691 319 diceret.
720 279 1295 345 Quimoscmnapoeteriqri-

149 337 224 375 bus
257 348 336 374 non
374 342 471 374 esset
501 342 688 383 retentus,
715 334 913 374 Arcesilas
947 348 1039 374 eum
1067 337 1292 391 removit,

150 390 412 443 instituitque,
433 397 479 428 ut
501 389 544 437 ii,
572 390 640 443 qui
667 402 708 428 se
733 388 867 428 audire
892 389 1051 439 vellat,
1078 390 1230 430 nonde
1255 404 1296 431 se

153 453 382 498 quaererent,
410 443 513 484 sed
503 444 577 497 ipsi
604 444 787 491 dicerent,
815 443 911 497 quid
935 444 1130 484 sentirent.
1173 445 1298 495 Quod

153 513 244 539 cum
264 500 465 547 dixissent,
479 499 546 538 ille
565 507 720 538 contra·
752 498 832 546 sed,
847 499 916 551 qui
929 498 1153 547 audiebant,
1193 500 1299 540 nond

153 563 347 607 poterant,
368 553 626 593 defendebant
645 553 874 593 sententiam
896 567 1021 592 suam.
1069 554 1169 607 Apu
1224 568 1298 595 ω-

154 619 254 649 teros
273 617 405 649 autem
423 609 574 661 philoso
601 609 685 657 hos,
706 608 776 671 qui
795 608 973 660 qumvit
988 608 1154 675 aliquid,
1169 613 1297 652 neae

154 665 262 717 quod
281 664 472 717 quidem
457 677 540 715 Jam
588 673 603 702 t
622 663 738 702 etiam
759 663 800 701 in
818 662 1050 702 Academia.
1090 660 1173 703 Ubi
1190 665 1297 704 enini

153 719 203 767 is,
225 719 294 772 qui
313 718 445 758 audire
464 719 590 766 vult,
580 728 635 757 ita
653 718 817 765 dixitst
820 718 1050 771 ‘Voluptas
1068 719 1168 758 mihi
1189 719 1298 759 vide-

155 782 221 813 tur
240 787 320 814 esse
334 787 534 813 summum
550 773 740 817 bonum?
745 773 972 825 'perpetua
983 773 1154 814 oratione
1166 782 1301 814 contra

153 829 403 882 disputatum
434 837 479 867 ut
493 829 604 867 facile
623 828 788 879 intelligi
808 828 941 880 possit,
961 841 1039 876 eos,
1050 829 1130 894 ‚qui
1148 829 1300 882 aliquid

154 884 229 923 sibi
249 884 369 923 videri
387 884 532 930 dicant,
554 896 632 922 non
651 883 754 936 ipsos
773 883 813 922 in
832 896 880 923 ea
898 883 1088 922 sententia
1109 897 1204 934 esse,
1232 883 1300 924 sed

154 939 291 979 audire
310 939 408 978 velle
427 938 629 978 contraria.

212 994 298 1033 Nos
324 993 567 1032 commodius
592 993 757 1046 agimus.
789 993 882 1032 Non
909 993 1015 1032 enim
1039 993 1167 1033 solum
1194 994 1298 1034 Tor-

153 1058 299 1101 quatus
317 1049 430 1093 dixit,
451 1048 547 1100 quid
567 1048 737 1096 sentiret,
759 1048 824 1087 sed
844 1048 963 1087 etiam
988 1062 1069 1087 cur.
1111 1049 1202 1102 Ego
1227 1063 1299 1089 au-

157 1111 237 1143 tem
263 1103 439 1151 arbitror,
467 1116 710 1155 quamquam
734 1103 948 1141 admodum
976 1102 1186 1144 delectatus
1210 1118 1299 1144 sum

156 1160 242 1210 ejus
271 1159 440 1197 oratione
467 1159 668 1210 perpetua,
700 1166 830 1197 tamen
861 1157 1115 1207 commodius,
1140 1171 1232 1198 cum
1257 1160 1296 1199 in

158 1215 272 1252 rebus
306 1213 468 1265 singulis
497 1213 662 1261 insistas,
694 1221 733 1252 et
762 1213 969 1265 intelligas,
1004 1212 1101 1265 quid
1133 1214 1301 1268 quiaque

157 1268 354 1315 concedat,
383 1268 478 1320 quid
506 1270 666 1313 abnuat,
688 1281 736 1307 ex
763 1269 879 1307 rebus
901 1268 1086 1307 concessis
1104 1268 1299 1320 concludi,

157 1323 263 1376 quod
283 1323 390 1369 velis,
422 1332 459 1362 et
479 1323 527 1361 ad
547 1323 696 1362 exitum
717 1322 921 1375 perveniri.
965 1322 1070 1362 Cum
1097 1323 1202 1363 enim
1221 1324 1299 1364 fer-

159 1387 237 1425 tur,
258 1379 369 1431 quasi
388 1387 548 1424 torrens,
569 1378 705 1425 oratio,
735 1377 988 1472 quamvisnihll
940 1378 1068 1440 multa
1091 1380 1300 1432 oejuque-

158 1433 266 1472 modi
280 1434 418 1485 rapiat,
440 1433 538 1471 nihil
559 1442 689 1472 tamen
716 1432 988 1480 teneaamhnl
1014 1433 1300 1486 appellnda,

161 1501 357 1541 nusquam
375 1488 588 1527 orationem
603 1501 672 1540 rap
675 1487 780 1527 idam
800 1492 986 1529 coerces.

213 1543 359 1583 Omnis
383 1552 515 1582 autem
541 1544 581 1581 in
609 1543 832 1595 quaerendo,
853 1557 944 1596 quae
971 1542 1038 1583 vii
1059 1543 1232 1598 ”dnn
1261 1553 1301 1586 et

158 1599 304 1638 ratione
319 1598 499 1642 habetur
516 1599 637 1637 oratio
652 1599 896 1651 praeecribere
907 1598 1080 1651 primum
1091 1597 1222 1647 debet,
1237 1604 1302 1644 (ut

158 1653 424 1707 quibusdam'
415 1666 456 1691 m
475 1653 668 1700 formulis,
696 1653 804 1692 “Ea
822 1667 881 1692 res
906 1662 1044 1705 agetur
1044 1654 1089 1702 ⁹⁹)
1116 1663 1175 1703 ut,
1200 1654 1301 1695 inter

159 1722 257 1762 quos
275 1708 488 1758 disseritur,
509 1721 605 1747 cons
607 1708 725 1758 eniat,
745 1707 842 1761 quid
860 1708 912 1747 sit
928 1708 985 1756 id,
1003 1707 1054 1747 de
1081 1722 1162 1762 quo
1179 1709 1300 1751 diese-

162 1773 282 1803 ratur.

217 1819 275 1858 11.
307 1818 397 1857 Hoc
420 1819 592 1871 positum
617 1818 657 1857 in
686 1817 854 1858 Phaedro
879 1831 903 1858 a
927 1818 1091 1859 Platone
1121 1819 1302 1873 puoh-vit

161 1874 385 1927 Epicurus;
417 1874 625 1926 sensitque,
653 1874 694 1913 in
722 1874 830 1914 omni
859 1873 1120 1927 disputatione
1146 1873 1189 1914 id
1216 1873 1300 1916 fieri

158 1937 344 1982 oportere.
387 1928 479 1974 Sed,
500 1929 605 1982 quod
625 1929 851 1982 proximum
871 1929 960 1977 fuit,
981 1941 1059 1968 non
1080 1929 1202 1969 vidit.
1232 1943 1302 1970 ne-

160 1983 825 2047 gatenimdefiniriremplaoerez
855 1984 938 2023 sine
963 1997 1058 2037 quo,
1084 1984 1304 2026 fier-iinm-

161 2039 258 2078 dum
279 2051 357 2077 non
377 2048 516 2102 potest,
539 2047 597 2085 ut,
617 2039 718 2079 inter
741 2053 805 2079 eos
829 2039 898 2092 qui
923 2039 1145 2091 ambigunt,
1165 2053 1306 2081 conve-

162 2094 258 2139 niat,
279 2094 375 2147 quid
400 2094 450 2133 sit
474 2094 515 2133 id
534 2094 583 2133 de
606 2108 685 2147 quo
712 2103 876 2147 agatur:
908 2094 1049 2134 velut
1039 2107 1080 2134 ιιι
1107 2095 1179 2134 hoc
1206 2095 1306 2149 ipen,

159 2149 210 2189 de
228 2162 308 2203 quo
326 2161 432 2191 nunc
450 2149 710 2204 disputamus.
738 2150 967 2200 Quaerimus
984 2149 1092 2191 enim
1103 2150 1224 2192 finan
1238 2152 1308 2193 bo·
