1456 2396
275 76 354 116 DE
370 76 636 126 FINIBUS,
658 76 759 115 Lm.
782 76 841 115 11.
864 75 973 116 CAP.
994 76 1061 114 23.
1159 77 1239 121 407

115 186 246 234 etiam,
266 185 299 224 si
317 185 388 225 fibi
407 185 479 224 erit
503 185 645 234 visum,
675 185 824 238 aliquid
849 185 898 224 de
925 184 1138 235 majoribus
1162 184 1240 224 tuis

114 250 153 280 et
170 241 218 280 de
229 248 267 279 te
277 240 361 292 ipso
379 239 495 288 dicos,
509 253 615 279 more
626 239 841 291 majorum)
859 240 953 292 quid
969 239 1149 278 merearis
1167 239 1242 290 igi-

115 301 193 342 tur,
224 302 270 333 ut
297 302 336 333 te
360 295 462 334 dicas
489 295 530 332 in
557 308 601 333 eo
628 295 855 347 magistratu
879 295 1010 333 omnia
1033 294 1241 345 voluptatis

115 350 230 388 831153
245 349 440 387 facturum
466 351 576 388 esse?
601 357 716 401 teque
734 350 833 387 nihil
861 349 991 388 fecisse
1009 349 1050 386 in
1070 349 1148 387 1113
1166 348 1241 386 11151

114 403 322 456 voluptatis
340 404 478 443 causa.
469 406 486 431 ‘³
516 403 583 442 An
601 417 679 450 me,
700 404 842 456 inquis,
860 412 941 442 tarn
955 411 1148 442 amentem
1167 416 1242 454 pu-

113 465 187 503 tas,
220 465 265 496 ut
289 458 394 510 apud
425 459 621 520 imperitos
649 459 722 496 isto
754 459 869 497 modo
900 459 1072 510 loquar?
1108 458 1165 496 At
1198 464 1243 495 tu

115 512 249 551 eadem
278 513 352 551 ista
380 513 441 551 dic
466 513 507 550 in
533 512 708 563 judic-im
740 521 821 560 aut,
847 513 878 552 si
901 525 1080 551 coronam
1112 513 1240 558 times,

114 567 204 605 (118
193 580 234 605 111
254 574 400 605 senatu.
430 568 648 619 Nunquam
667 567 781 605 facies
797 582 807 605 :
840 581 921 614 cur,
946 567 1019 605 nisi
1034 566 1140 618 quod
1158 574 1242 604 tur-

113 621 173 673 pis
193 630 249 660 ast
267 622 386 660 oratio
404 624 421 660 ?
452 622 574 660 Mene
592 634 695 672 ergo,
716 630 753 659 et
782 622 995 670 Triarium,
1020 621 1156 674 dignos
1174 634 1242 660 ex-

113 675 275 721 istimas,
296 676 400 728 apud
419 690 516 729 quos
535 677 698 728 turpiter
715 676 904 728 loquare?

168 729 337 769 XXIII.
366 731 533 779 Verum,
560 739 650 769 esto.
681 731 858 770 Verbum
884 731 1015 783 ipsum
1033 729 1242 782 voluptatis

113 797 192 823 non
224 785 343 824 habet
375 785 627 837 dignitatem3
661 798 730 824 nec
762 798 831 823 nos
864 785 1022 824 fortasse
1059 785 1243 836 intelligi-

113 852 202 878 mus
220 853 230 877 :
261 839 334 878 hoc
363 840 467 878 enim
500 839 711 878 identidem
747 839 886 888 dicitis,
921 853 998 878 non
1030 840 1243 890 intelligere

114 906 198 941 nos,
219 894 458 946 voluptatem
479 908 598 946 quam
624 894 769 933 dicatis.
800 895 903 933 Rem
922 894 1028 933 vides
1047 894 1243 932 difficilem

113 957 152 988 et
169 950 384 987 obscuram.
413 950 630 987 Indi-uidua
646 962 736 988 cum
751 949 888 997 dicitis,
907 957 943 987 et
960 950 1242 997 intermundz'a,

113 1017 202 1056 quae
227 1016 297 1042 nec
324 1011 414 1042 sunt
443 1003 538 1050 ulla,
563 1017 632 1042 nec
657 1011 816 1056 possunt
838 1017 931 1051 esse,
957 1003 1240 1054 intelligimus:

111 1059 303 1109 voluptas,
332 1072 420 1110 quae
437 1059 655 1110 passeribus
683 1067 774 1097 nota
793 1066 849 1096 est
867 1058 1062 1104 omnibus,
1083 1071 1106 1096 a
1133 1057 1245 1096 nobis

112 1112 277 1164 intelligi
296 1125 374 1152 non
391 1115 547 1165 potest?
578 1113 702 1161 Quid,
726 1114 758 1152 si
777 1113 911 1161 efficio,
942 1122 986 1151 ut
1004 1113 1160 1160 fateare,
1181 1124 1244 1150 me

114 1180 191 1206 non
211 1167 340 1217 modo,
362 1167 458 1220 quid
480 1168 528 1206 sit
553 1168 743 1220 voluptas,
769 1168 862 1206 scire
888 1172 961 1210 (est
980 1167 1083 1205 enim
1100 1168 1245 1217 jucun-

114 1221 187 1261 dus
204 1230 334 1260 motus
352 1222 392 1260 in
419 1222 566 1271 sensu),
593 1223 660 1261 sed
685 1224 816 1285 etiam,
845 1222 939 1275 quid
968 1234 1054 1260 eam
1080 1229 1123 1259 tu
1150 1221 1246 1259 velis

115 1279 232 1316 esse?
263 1276 330 1315 Tu
363 1277 467 1315 enim
499 1290 584 1316 eam
617 1277 743 1339 ipsam
777 1278 846 1325 vis,
880 1289 999 1329 quam
1023 1276 1140 1314 modo
1173 1288 1245 1327 ego

115 1331 224 1370 dixi:
257 1338 294 1370 et
323 1343 464 1370 nomen
492 1331 674 1384 imponis,
704 1332 745 1369 in
771 1340 881 1370 motu
907 1339 951 1369 ut
974 1331 1036 1378 sit,
1065 1337 1103 1369 et
1129 1330 1245 1369 faciat

113 1386 287 1438 aliquam
327 1386 575 1425 varietatem:
621 1395 707 1426 tum
736 1387 854 1425 aliam
887 1385 1100 1438 quamdam
1137 1398 1244 1424 sum-

113 1453 222 1479 mam
251 1440 504 1492 voluptatem,
535 1441 598 1480 cui
623 1441 714 1479 addi
743 1441 841 1480 nihil
864 1440 1009 1492 possit·
998 1469 1010 1485 ‚
1042 1452 1128 1478 eam
1157 1447 1245 1478 tum

113 1495 257 1543 adesse,
289 1508 379 1534 cum
408 1495 517 1534 dolor
549 1497 676 1535 01111115
713 1496 840 1541 absit;
871 1507 1034 1547 eamque
1066 1494 1245 1533 stabilem

114 1550 296 1602 appellas.

169 1604 228 1644 Sit
246 1617 336 1644 sane
355 1604 428 1643 ista
445 1606 634 1657 voluptas.
665 1605 801 1644 Dicin
820 1604 956 1657 quovis
976 1611 1181 1651 conventu,
1204 1610 1244 1642 te

112 1658 244 1698 omnia
258 1659 394 1707 facere,
408 1672 457 1698 ne
469 1659 608 1699 doleas.
631 1660 674 1699 Si
682 1672 731 1698 ne
742 1660 814 1698 hoc
825 1659 983 1711 quidem
996 1659 1086 1697 satis
1098 1658 1242 1710 ample,

112 1713 204 1752 satis
218 1713 390 1762 honeste,
406 1714 481 1753 dici
496 1724 635 1766 putas3
657 1714 718 1754 dic
733 1722 770 1753 te
781 1715 912 1753 omnia
932 1722 969 1752 et
980 1713 1020 1751 in
1032 1713 1104 1752 isto
1118 1712 1245 1764 magi-

110 1775 246 1816 stratu,
261 1775 299 1807 et
314 1769 355 1806 in
370 1769 477 1807 omni
496 1769 590 1818 vita,
610 1769 787 1808 utilitatis
806 1777 884 1808 tuae
898 1781 1013 1808 831153
1030 1768 1243 1815 facturum,

111 1823 211 1861 nihil
222 1823 296 1861 nisi
310 1823 415 1876 quod
426 1824 619 1876 expediat,
635 1824 734 1862 nihil
748 1823 915 1876 denique
929 1823 1004 1861 nisi
1020 1823 1088 1861 tua
1101 1822 1244 1861 causa:

112 1890 230 1929 quem
245 1877 452 1917 clamorem
467 1878 672 1927 concionis,
688 1886 756 1918 aut
770 1892 889 1931 quam
902 1891 1010 1930 spem
1025 1876 1245 1916 consulatus

113 1933 197 1982 ejus
213 1932 280 1984 qui
292 1932 364 1972 tibi
375 1934 640 1985 paratissimus
654 1942 724 1982 est,
737 1933 910 1972 futuram
924 1934 1068 1984 putes?
1089 1931 1245 1969 Eamne

111 1987 300 2025 rationem
318 2000 492 2040 sequare,
512 2002 592 2041 qua
609 1996 739 2028 tecum
757 1989 840 2040 ipse
859 1995 896 2027 et
915 2000 1005 2027 cum
1025 1985 1100 2024 tuis
1120 1992 1243 2032 utare,

109 2041 281 2093 profiteri
299 2049 444 2089 autem,
462 2050 500 2081 et
517 2043 558 2082 in
577 2043 753 2082 medium
768 2042 952 2094 proferre,
969 2054 1047 2079 non
1066 2039 1208 2078 audeas
1224 2040 1244 2078 P

110 2097 171 2134 At
197 2109 286 2135 vero
314 2096 396 2144 illa,
428 2111 517 2150 quae
547 2097 807 2150 Peripatetici,
836 2111 932 2159 quae·
948 2094 1069 2135 Stoici
1094 2094 1243 2142 dicunt,

111 2162 263 2203 semper
281 2151 352 2190 tibi
380 2151 422 2190 in
440 2165 505 2191 ore
523 2160 626 2192 sunt.
657 2153 707 2190 ln
731 2151 932 2202 judiciis,
921 2163 963 2190 m
991 2156 1140 2197 senatu,
1160 2147 1246 2187 offi-

110 2204 230 2255 cium,
251 2205 487 2259 aequitatem,
507 2207 752 2260 dignitatem,
773 2205 906 2256 fidem,
925 2212 1043 2255 recta,
1062 2203 1238 2252 honaeta,
