1456 2396
261 109 340 150 DE
369 108 622 160 FINIBUS,
652 109 752 149 Lm.
774 108 834 149 11.
865 108 972 150 οη.
991 111 1058 149 34.
1108 170 1115 175 ·
1141 112 1219 150 421

102 217 269 270 pietatis,
295 218 568 271 cognitionem,
599 218 854 257 memoriam:
884 218 925 257 in
950 219 1084 258 multis
1109 219 1226 258 etiam

103 272 346 324 disciplinam
358 272 544 312 videmus.
572 273 680 324 Ergo
698 273 739 310 in
758 273 887 311 bestiis
906 281 1031 321 erunt,
1048 282 1187 312 secreta
1203 288 1227 312 a

103 326 313 377 voluptate,
329 327 588 365 humanarum
604 327 782 378 quaedam
798 327 999 365 simulacra
1011 327 1197 366 virtutum
1213 343 1223 365 :

102 379 144 417 in
161 380 255 431 ipsis
274 381 495 420 hominibus
512 381 646 429 virtus,
666 381 740 419 nisi
754 381 959 432 voluptatis
978 382 1104 430 causa,
1118 382 1227 420 nulla

104 434 175 472 erit
188 436 206 473 Ρ
236 441 274 473 et
291 435 452 483 homini,
474 435 542 487 qui
564 435 705 473 caeteris
727 434 987 474 animantibus
1012 436 1227 487 plurimum

101 496 271 539 praestat,
291 489 474 540 praecipui
485 503 508 527 a
519 489 657 527 natura
671 489 769 526 nihil
782 488 917 527 datum
935 503 1012 528 esse
1026 490 1195 529 dicemus
1206 493 1224 529 ?

157 541 363 582 XXXIV.
395 543 481 581 Nos
499 556 601 592 vero,
623 543 655 581 si
674 543 831 594 quidem
849 543 890 580 in
919 544 1113 595 voluptate
1136 551 1226 582 sunt

101 596 247 645 omnia,
267 597 381 648 longe
399 597 648 649 multumque
667 610 893 649 superamur
912 611 935 635 a
952 598 1108 643 bestiis3
1139 598 1226 649 qui-

100 651 175 688 bus
188 650 272 702 ipsa
290 659 390 690 terra
407 650 536 690 fundit
555 664 603 689 ex
628 664 706 689 sese
731 659 863 702 pastus
890 652 1027 699 varios,
1047 652 1226 703 varieque

103 704 357 754 abundantes,
395 705 494 743 nihil
528 705 814 744 laborantibus:
852 706 961 744 nobis
997 715 1127 744 autem
1158 714 1226 744 aut

104 758 185 806 vix,
220 767 288 797 aut
315 771 365 798 ne
391 759 458 798 vix
489 759 663 812 quidem,
694 766 916 811 suppetunt,
942 761 1067 798 multo
1096 761 1226 799 labore

104 813 378 863 quaerentibus.
408 814 494 852 Nec
512 821 641 852 tamen
660 813 742 851 ullo
760 813 874 852 modo
894 827 1092 852 summum
1110 827 1227 866 pecu-

104 866 164 904 dis
192 868 354 916 bonum,
381 874 420 906 et
450 867 632 915 hominis,
669 867 773 905 idem
809 868 907 906 mihi
935 868 1054 907 videri
1089 876 1226 920 potest.

104 919 215 967 Quid
234 921 338 959 enim
356 929 464 960 tanto
482 935 578 974 opus
597 929 653 960 est
663 922 918 960 instrumento
933 922 972 959 in
993 922 1149 974 optimis
1167 936 1228 961 ar-

103 973 207 1013 tibus
225 976 504 1027 comparandis,
521 976 616 1028 quid
630 983 736 1014 tanto
749 988 931 1014 concursu
943 976 1227 1015 honestissimo-

104 1040 194 1066 rum
213 1029 443 1079 studiorum,
464 1038 569 1070 tanto
588 1030 777 1069 virtutum
802 1030 999 1078 comitatu,
1026 1031 1059 1069 si
1077 1044 1120 1069 ea
1138 1032 1228 1069 nul-

102 1081 183 1120 lam
202 1083 252 1121 ad
266 1083 382 1122 aliam
393 1098 491 1133 rem,
507 1085 580 1123 nisi
591 1084 641 1123 ad
652 1084 905 1136 voluptatem,
918 1085 1197 1137 conquiruntur
1207 1088 1225 1124 Ρ

102 1135 174 1184 Ut,
196 1137 228 1175 si
246 1137 411 1186 Xerxes,
431 1152 520 1178 cum
535 1139 650 1178 tantis
670 1139 866 1184 classibus,
886 1139 1079 1191 tantisque
1093 1152 1227 1191 eques-

103 1190 226 1229 tribus
263 1199 300 1231 et
335 1193 574 1244 pedestribus
609 1193 742 1244 copiis,
783 1192 1036 1244 Hellesponto
1075 1195 1224 1243 juncto,

101 1243 262 1284 Athone
279 1247 462 1298 perfosso,
481 1247 605 1286 maria
622 1247 906 1295 ambulavisset,
922 1256 1139 1299 terramque
1157 1261 1227 1286 na-

102 1297 268 1350 vigasset
284 1314 296 1347 3
327 1301 372 1350 si,
393 1314 483 1340 cum
499 1309 604 1340 tanto
622 1301 771 1353 impetu
790 1301 831 1339 in
845 1301 1034 1340 Graeciam
1049 1302 1224 1352 venisset,

103 1364 259 1392 causam
289 1355 372 1404 ejus
399 1356 486 1407 quis
511 1369 560 1394 ex
588 1369 632 1394 eo
667 1363 852 1407 quaereret
880 1363 1074 1394 tantarum
1100 1357 1227 1408 copia-

103 1419 208 1455 rum,
229 1410 402 1461 tantique
421 1410 526 1459 belli,
546 1410 626 1448 mel
650 1423 689 1448 se
714 1410 862 1448 auferre
884 1423 932 1448 ex
952 1411 1142 1462 Hymetto
1161 1424 1228 1450 vo-

102 1460 220 1500 luisse
239 1462 406 1509 diceret3
437 1472 535 1503 certe
554 1464 635 1503 sine
654 1464 769 1503 causa
780 1463 969 1503 videretur
988 1472 1095 1503 tanta
1113 1478 1228 1504 cona-

101 1520 190 1553 tus:
221 1515 274 1555 sic
292 1529 361 1556 nos
380 1518 605 1570 sapientem,
625 1518 804 1570 plurimis
831 1526 867 1556 et
885 1519 1117 1570 gravissimis
1135 1520 1227 1558 arti-

103 1569 177 1607 bus
200 1576 316 1622 atque
334 1571 539 1611 virtutibus
556 1574 786 1611 instructum
807 1581 845 1612 et
862 1581 1054 1621 ornatum,
1075 1586 1167 1621 non,
1184 1582 1229 1612 ut

103 1621 232 1667 illum.
252 1625 376 1664 maria
388 1626 551 1678 pedibus
568 1635 849 1679 peragrantem,
870 1627 1051 1667 classibus
1063 1636 1227 1677 montes,

104 1676 172 1715 sed
189 1690 304 1717 omne
322 1681 480 1730 coelum,
501 1689 700 1734 totamque
725 1694 815 1721 cum
833 1681 1010 1721 universo
1028 1682 1127 1721 mari
1152 1690 1229 1722 ter-

103 1743 203 1778 ram,
226 1740 357 1772 mente
381 1736 643 1787 complexum,
664 1736 903 1788 voluptatem
929 1745 1058 1788 petere
1077 1737 1109 1776 si
1127 1737 1228 1776 dice-

103 1796 206 1834 mus,
225 1788 353 1827 mellis
371 1790 486 1828 causa
504 1790 674 1829 dicemus
692 1798 799 1829 tanta
816 1790 1008 1829 molitum.

157 1839 224 1878 Ad
241 1841 376 1881 altiora
393 1843 573 1895 quaedam
586 1852 624 1883 et
637 1845 977 1896 magnificentiora,
990 1845 1089 1884 mihi
1102 1846 1225 1895 crede,

105 1891 318 1953 ssorquaoe,
342 1898 424 1935 nati
442 1911 576 1938 sumus
592 1913 603 1938 ι
633 1911 704 1938 nec
727 1899 769 1937 id
787 1913 835 1938 ex
854 1899 974 1938 animi
993 1900 1119 1939 solum
1138 1913 1227 1951 par-

103 1948 222 1995 t1bus,
260 1948 302 1987 in
331 1952 472 2002 quibus
489 1952 588 1992 inest
608 1953 794 1992 memoria
811 1967 940 1992 rerum
967 1955 1230 1992 innumerabi-

102 1999 300 2063 lium‚.[et
312 2006 376 2057 ea]
398 2005 556 2057 quidem
573 2007 738 2055 hafinita,
751 2007 850 2046 inest
869 2009 1086 2058 conjectura
1099 2020 1228 2047 conse-

105 2064 324 2106 quentlum,
344 2070 423 2097 non
441 2061 614 2099 multum
633 2075 656 2100 a
680 2062 914 2102 divinatione
936 2062 1138 2109 differens;
1167 2062 1230 2100 in-

103 2116 160 2147 est
167 2110 396 2170 ’moderator
414 2114 631 2166 cupiditatis
649 2115 799 2167 pudor3
829 2116 929 2154 inest
947 2117 996 2155 ad
1014 2117 1243 2155 humanam'

101 2171 320 2203 soc1etatem
335 2168 496 2216 justitiae
514 2169 592 2208 fida
610 2170 808 2216 custodia;
829 2172 941 2217 inest,
954 2171 995 2209 in
1013 2170 1229 2222 perpetien-

100 2216 160 2255 dis
178 2218 374 2259 laboribus
392 2223 655 2277 adeundisque
672 2224 864 2276 periculis,
885 2225 999 2265 firma
1025 2232 1065 2265 et
1082 2225 1230 2264 stabilis

156 2272 335 2323 (Philos.)
358 2286 463 2316 vor„
480 2288 530 2316 11.
888 2281 912 2317 2
930 2291 957 2318 o
