1435 2427
190 62 216 99 ²
531 72 794 122 ORATOR,
815 71 921 112 cir.
939 73 977 110 2.

194 188 338 228 simum
354 185 538 237 judicem.
589 184 638 223 In
657 197 736 237 quo
755 195 900 232 vereor,
919 194 984 231 ne,
1000 181 1033 221 si
1051 180 1106 231 id,
1126 178 1233 233 quod
1252 178 1326 227 vis,
1350 207 1364 217 .

193 241 366 291 effecero,
387 252 556 293 eumque
570 247 773 289 oratorem,
789 248 909 290 quem
923 236 1079 290 quaeriS,
1091 245 1328 287 exproeeero,

193 296 344 337 tardem
359 295 486 335 studia
499 294 729 343 multorum,
745 293 828 346 qui,
844 291 1108 344 desperatione
1121 287 1328 334 debilitati,

195 351 360 404 experiri
379 350 518 398 nolint,
540 348 646 402 quod
665 362 704 387 se
723 347 875 400 assequi
892 359 1004 400 posse
1021 345 1210 396 diffidant.
1251 341 1329 383 Sed

194 420 265 460 par
297 412 354 445 est
385 417 519 444 omnes
548 403 680 443 omnia
709 402 889 454 experiri,
918 401 988 454 qui
1015 413 1074 439 res
1100 411 1264 451 magnas
1292 403 1330 436 et

195 473 339 512 magno
369 473 483 513 opere
513 457 745 511 expetendas
783 456 1096 508 concupiverunt.
1151 453 1271 503 Quod
1297 451 1330 491 si

195 529 314 568 quem
340 524 408 553 aut
434 523 572 553 natura
598 526 668 551 sua
694 520 766 560 aut
788 512 856 549 ina
874 510 1090 563 praestantis
1108 508 1254 561 ingenii
1273 507 1331 545 vis

195 571 294 609 forte
322 569 486 615 deficiet,
514 577 581 606 aut
607 567 738 606 minus
765 567 976 604 instructus
1001 565 1072 604 erit
1097 575 1331 616 magnarum

197 626 340 664 artium
360 623 600 676 d1>c1plm1s3
631 629 760 660 teneat
771 629 902 660 tamen
917 633 1007 659 eum
1024 631 1196 665 cursum,
1213 629 1331 671 quem

196 680 348 733 poterit.
379 679 514 717 Prima
528 677 632 717 enim
653 684 894 729 sequentem,
915 675 1123 714 honaetum
1142 681 1200 713 eet
1217 671 1258 711 in
1273 685 1333 711 se·-
1376 680 1379 683 '

196 735 333 774 cundis
361 734 559 785 tertiisque
590 731 805 771 consistere.
855 730 979 777 Nam,
1014 729 1054 767 in
1085 727 1223 782 po'e‘tis,
1254 739 1333 766 non

197 790 376 830 Homero
406 789 476 827 soli
510 788 615 826 locus
645 795 716 833 est,
746 791 809 830 (ut
839 785 887 825 de
916 784 1062 824 Graecis
1089 784 1244 837 loquar)
1266 790 1335 821 aut

197 843 450 888 Archilocho,
478 852 545 881 aut
576 841 773 894 Sophocli,
794 848 863 880 aut
890 839 1076 887 Pindaro,
1103 838 1170 878 sed
1193 837 1335 878 horum

198 901 259 941 vel
291 898 481 945 secundis,
516 897 576 936 vel
608 897 725 935 etiam
755 895 856 934 infra
886 894 1083 934 secundos.
1128 893 1215 932 Nec
1247 904 1338 932 vero

198 954 451 994 Aristotelem
472 953 511 991 in
532 951 777 1004 philosophia
795 950 982 990 deterruit
999 963 1024 989 a
1041 947 1241 988 scribendo
1251 958 1336 987 am-

198 1009 352 1063 plitudo
391 1007 591 1053 Platonis;
633 1019 703 1045 nec
735 1007 817 1059 ipse
848 1004 1090 1052 Aristoteles,
1117 1001 1338 1042 admirabili

199 1065 372 1118 quadam
392 1063 550 1101 scientia
569 1071 606 1100 et
625 1061 750 1113 copia,
767 1068 993 1099 caeterorum
1008 1057 1137 1098 studia
1146 1057 1337 1097 restinxit.

257 1120 317 1158 11.
360 1118 446 1156 Nec
466 1117 592 1156 solum
612 1118 661 1154 ab
680 1115 839 1168 optimis
859 1114 995 1153 studiis
1016 1113 1245 1153 exoellelioes
1264 1111 1338 1151 viri

200 1173 372 1214 deterriti
399 1185 477 1210 non
504 1179 609 1220 sunt,
629 1170 697 1209 sed
716 1183 764 1209 ne
782 1169 937 1222 opifices
954 1168 1114 1222 quidem
1134 1181 1174 1208 se
1191 1167 1340 1206 artibus

201 1229 281 1268 suis
309 1235 570 1275 removerunt,
592 1225 661 1278 qui
686 1234 754 1264 aut
778 1224 915 1276 I‘zilysi,
936 1236 1055 1277 quem
1085 1221 1218 1262 Rhodi
1241 1222 1340 1262 vidi-

200 1297 306 1333 mus,
333 1295 410 1321 non
430 1288 655 1335 potuerunt,
676 1288 745 1319 aut
770 1280 863 1319 Coae
881 1278 1061 1326 Veneria,
1081 1277 1341 1331 pulchritudi-

201 1351 294 1378 nem
324 1336 480 1376 imitari.
526 1336 627 1383 Nec,
662 1335 868 1374 simulacro
896 1333 1011 1373 Jovis
1040 1332 1238 1386 Olympii,
1270 1340 1342 1372 aut

203 1392 429 1446 Doryphori
441 1391 569 1430 statua
581 1390 765 1438 deterriti,
778 1389 918 1442 reliqui
929 1389 1061 1427 minus
1073 1388 1222 1442 experti
1233 1395 1341 1437 sunt,

203 1448 300 1501 quid
329 1446 490 1495 efficere,
524 1454 594 1485 aut
625 1458 704 1497 quo
733 1444 928 1498 progredi,
958 1452 1141 1497 possentz
1171 1455 1342 1496 quorum

203 1509 314 1542 tanta
337 1500 551 1541 multitudo
579 1499 668 1548 fuit,
689 1507 798 1539 tanta
818 1500 860 1538 in
886 1512 957 1538 suo
988 1499 1178 1551 cujusque
1201 1509 1343 1551 genere

203 1557 305 1607 laus,
333 1564 392 1605 ut,
424 1568 515 1594 cum
544 1567 699 1594 summa
726 1554 972 1601 miraremur,
1002 1552 1183 1592 inferiora
1209 1559 1342 1592 tamen

204 1613 470 1665 probaremus.
501 1610 550 1649 In
569 1609 784 1648 oratoribus
803 1622 907 1657 vero,
924 1608 1070 1647 Graecis
1082 1607 1258 1661 quidem,
1273 1606 1344 1647 ad-

205 1666 384 1706 mirabile
412 1671 483 1713 est,
518 1670 711 1717 quantum
744 1663 844 1703 inter
871 1675 1008 1704 omnen
1034 1675 1137 1702 unus
1164 1661 1341 1702 excellat.

202 1721 410 1770 Attamen,
448 1731 539 1758 cum
569 1726 666 1758 esset
698 1717 996 1767 Demosthenes,
1029 1717 1147 1756 multi
1176 1725 1344 1757 oratores

204 1776 340 1828 magni
369 1782 408 1815 et
435 1773 529 1813 clari
554 1773 727 1821 fuerunt,
748 1781 786 1812 et
804 1781 918 1812 antea
936 1773 1104 1821 fuerant,
1124 1785 1195 1812 nec
1213 1778 1347 1825 postea

204 1831 439 1872 defecerunt.
468 1828 602 1878 Quare
621 1841 699 1868 non
718 1836 790 1878 eet,
810 1841 879 1867 cur
898 1840 1047 1876 eorum,
1068 1827 1138 1880 qui
1156 1840 1197 1866 se
1215 1826 1345 1867 studio

205 1885 436 1939 eloquentiae
449 1883 694 1932 dediderunt,
712 1896 797 1936 spes
816 1882 1065 1935 infringatur,
1081 1890 1150 1921 aut
1164 1882 1346 1934 langues-

206 1950 269 1982 oet
286 1939 487 1980 industria.
517 1938 628 1977 Nam
645 1950 773 1990 neque
790 1938 891 1977 illud
908 1937 1054 1990 ipsum,
1075 1936 1180 1990 quod
1199 1946 1255 1976 est
1274 1949 1345 1989 op-

132 2008 139 2012 ’
207 1997 366 2045 timum,
385 1992 670 2047 desperandum
690 2001 772 2039 est;
803 2000 856 2040 et,
870 1993 910 2031 in
925 1992 1198 2045 prestantibus
1213 1993 1344 2039 rebus,

206 2063 352 2104 magna
369 2058 461 2089 sunt
480 2062 538 2097 ea,
559 2061 647 2100 quae
662 2056 752 2086 sunt
771 2048 927 2100 optimis
946 2047 1136 2100 proxima.

262 2107 400 2158 Atque
418 2117 504 2157 ego,
524 2103 565 2142 in
585 2115 740 2142 summo
758 2111 907 2142 oratore
925 2100 1123 2154 fingendo,
1144 2101 1262 2141 talem
1281 2100 1343 2138 in-

208 2161 400 2209 formabo,
422 2157 549 2212 qualis
568 2157 726 2197 fortasse
739 2170 856 2197 nemo
875 2157 962 2197 fuit.
1000 2156 1094 2197 Non
1113 2157 1219 2196 enim
1238 2168 1346 2208 que·

207 2229 265 2266 ro,
294 2215 383 2269 quis
410 2213 541 2262 fuerit,
562 2212 628 2252 sed
654 2212 750 2265 quid
777 2212 826 2254 sit
852 2211 966 2262 illud,
996 2224 1076 2265 quo
1103 2211 1203 2251 nihil
1230 2209 1350 2263 possit
