1456 2396
255 79 882 133 ORAT.PART1T10NES‚
915 80 1110 123 CAP.31.
1179 85 1254 125 125

122 191 318 246 arguendo
336 199 374 231 et
392 190 614 239 resistendo,
634 190 728 238 1313,
748 199 792 230 ut
811 191 908 241 dixi,
929 199 966 230 et
980 191 1140 232 confusa
1155 203 1256 235 sunt.

119 248 334 288 Rationum
366 253 404 284 et
436 245 767 284 firmamentorum
801 247 994 285 contentio
1027 248 1184 288 adducit
1213 250 1253 288 in

117 308 327 354 angustum
354 299 680 362 disceptationem.
729 300 791 338 Ea
823 300 864 338 in
899 303 1117 351 conjectura
1145 305 1255 344 nulla

116 365 198 396 oet:
228 368 342 394 nemo
361 355 466 394 enim
485 355 582 404 ejus,
603 354 709 406 quod
734 363 850 406 negat
875 355 1037 404 factum,
1064 358 1255 398 rationem

116 419 185 450 aut
202 418 341 463 potest,
362 417 430 447 aut
448 408 576 457 debet,
596 416 665 446 aut
683 409 792 457 solet,
820 409 987 448 reddere.
1030 411 1186 463 Itaque,
1212 413 1253 452 in

115 467 177 504 his
195 464 331 511 causis,
352 463 487 502 eadem
507 470 544 501 et
561 463 689 514 prima
708 464 883 515 quaestio,
906 473 943 502 et
958 465 1182 517 disceptatio
1198 476 1255 506 est

116 528 300 559 extrema.
330 518 380 557 In
398 517 475 556 illis
495 525 640 579 autem,
662 519 732 556 ubi
751 519 805 556 ita
824 518 978 568 (11011111,
1000 520 1094 558 Non
1110 522 1254 561 minuit

115 575 372 624 majestatem,
407 572 512 624 quod
545 572 622 623 egit
655 572 703 610 de
741 573 923 634 Caepione
960 575 1251 615 turbulentius:

114 628 250 682 populi
263 628 368 667 enim
384 626 556 665 Romani
571 627 679 664 dolor
691 628 818 676 justus
835 628 914 665 iim
930 628 1039 666 1113111
1056 630 1250 680 excitaxit,

115 697 194 723 non
227 681 373 722 tribuni
406 681 532 719 actio.
574 682 754 731 majestas
791 690 936 730 autem,
972 684 1158 745 quoniam
1197 693 1254 724 est

113 736 342 803 magnitudo
361 735 542 788 quaedam
556 736 693 788 populi
708 736 922 798 Romani,'
911 750 953 775 m
969 739 1051 786 ejus
1066 747 1254 789 potestate

113 807 159 832 ac
177 806 265 844 Jure
283 791 497 840 retinendo,
519 798 633 828 aucta
652 798 708 829 est
726 791 868 842 potius,
891 805 1010 843 quam
1031 792 1250 834 diminuta·

113 856 152 887 et
170 847 239 886 ubi
255 847 311 885 113
328 845 736 894 refertu13Majestas
756 855 812 884 est
830 846 870 883 in
890 846 1045 898 imperii
1067 855 1185 910 atque
1210 849 1251 887 in

114 901 283 941 nominis
300 900 438 953 populi
464 900 636 938 Romani
661 899 862 951 dignitate,
889 914 1008 952 quam
1035 902 1179 941 minuit
1204 903 1251 952 is,

113 957 198 1019 qui,
213 970 282 1019 per
294 955 374 994 vim
385 954 662 1003 multitudinis,
676 967 758 993 rem
771 954 820 992 ad
840 955 1065 994 seditionem
1081 957 1251 996 vocavit:

113 1012 261 1051 exsistit
278 1011 347 1049 illa
364 1009 603 1061 disceptatio,
625 1009 868 1049 Minueritne
887 1012 1144 1060 majestatem,
1166 1012 1250 1064 qui,

111 1068 311 1107 voluntate
328 1064 465 1116 populi
484 1064 670 1112 Romani,
692 1077 774 1102 rem
793 1072 943 1115 gratam
963 1073 1000 1103 et
1015 1079 1168 1117 aequam
1183 1080 1252 1118 per

113 1122 193 1161 vim
219 1120 370 1172 egerit?
412 1119 462 1157 In
487 1118 548 1156 his
574 1127 705 1157 autem
732 1119 869 1166 causis,
890 1119 960 1158 ubi
984 1120 1133 1172 aliquid
1152 1130 1253 1161 reete

110 1177 274 1225 factum,
301 1181 370 1213 aut
392 1173 679 1213 concedendum
706 1186 785 1212 esse
807 1172 995 1226 [factum]
1018 1175 1251 1225 defenditur,

108 1244 202 1271 cum
228 1237 284 1269 est
308 1229 400 1267 facti
425 1229 598 1278 subjecta
621 1228 733 1275 ratio,
762 1229 859 1267 sicut
882 1231 931 1268 ab
951 1229 1128 1281 Opimio,
1149 1231 1179 1268 J
1182 1245 1251 1271 ure

109 1286 198 1334 feci,
219 1284 352 1323 salutis
370 1283 563 1331 omnium,
584 1290 621 1321 et
640 1283 909 1322 conservandae
923 1284 1145 1335 reipublicae
1161 1298 1252 1325 cau„-

109 1355 180 1380 sa:
220 1340 464 1390 relatumque
491 1344 547 1376 est
575 1339 623 1375 ab
653 1337 789 1401 Decio,
820 1338 886 1376 Ne
914 1338 1250 1379 sceleratissimum

112 1395 271 1448 quidem
291 1393 429 1441 civem,
446 1392 526 1431 sine
542 1392 735 1442 judicio,
720 1406 808 1442 Jure
822 1393 904 1431 ullo
918 1405 1052 1431 necare
1066 1394 1249 1445 potuisti3

113 1450 235 1490 oritur
253 1448 321 1486 1113
346 1447 596 1499 disceptatio;
628 1447 852 1485 Potueritne
876 1455 991 1495 10010,
1019 1448 1153 1487 salutis
1177 1449 1252 1488 rei-

111 1504 280 1558 publicae
298 1502 427 1549 causa,
448 1502 585 1550 civem,
607 1514 818 1540 eversorem
845 1502 1023 1564 civitatis,
1048 1502 1251 1542 indemna-

111 1567 199 1598 tum
218 1559 384 1597 necare?
416 1556 481 1594 Ita
498 1556 790 1608 disceptationes
809 1570 877 1604 eae,
899 1570 987 1608 quae
1012 1557 1053 1594 in
1079 1557 1140 1596 his
1159 1571 1249 1597 con-

107 1613 301 1654 troversiis
319 1611 510 1659 oriuntur,
532 1624 621 1663 quae
645 1618 736 1649 sunt
761 1611 871 1650 certis
896 1612 1066 1663 personis
1093 1620 1130 1650 et
1148 1620 1247 1652 tem-

110 1669 273 1731 poribus
298 1674 455 1715 notatae,
484 1665 585 1704 fiunt
604 1679 743 1704 rursus
769 1666 956 1712 infinitae3
992 1667 1248 1720 detractisque

111 1723 350 1776 temporibus
369 1729 407 1760 et
423 1720 611 1773 personis,
631 1733 787 1759 rursum
803 1721 853 1759 ad
866 1721 1155 1761 consultationis
1169 1723 1247 1762 for-

106 1792 218 1819 mam
234 1777 501 1828 rationemque
519 1783 758 1814 revocantur.

164 1832 330 1873 XXXI.
360 1830 466 1870 Sed
455 1843 496 1868 111
515 1830 750 1892 gravissimis
768 1830 1022 1869 firmamentis
1041 1831 1158 1870 etiam
1176 1831 1245 1871 illa

109 1888 288 1942 ponenda
301 1893 406 1934 sunt,
423 1885 455 1924 51
469 1898 548 1947 qua
566 1899 614 1924 ex
634 1885 774 1937 scripto
792 1885 903 1937 legis,
923 1893 991 1924 aut
1009 1887 1244 1936 testamenti,

106 1952 178 1985 aut
194 1944 399 1982 verborum
417 1940 538 1992 ipsius
553 1939 704 1990 judicii,
725 1947 793 1978 aut
810 1940 974 1990 alicujus
988 1940 1246 1992 stipulationis

107 2006 178 2040 aut
202 1996 402 2044 cautionis,
429 2002 678 2056 opponuntur
702 1994 915 2034 defensioni
940 1995 1140 2033 contraria.
1181 1996 1246 2035 Ac

109 2067 159 2094 ne
190 2052 264 2091 hoc
291 2051 448 2118 quidem
480 2062 602 2101 genus
631 2049 672 2087 in
701 2062 763 2088 eas
792 2062 924 2088 causas
951 2049 1126 2097 incurrit,
1157 2064 1247 2102 quae

108 2107 329 2158 conjectura
346 2104 601 2145 continentur.
636 2103 757 2152 Quod
775 2104 880 2142 enim
899 2104 1046 2142 factum
1066 2112 1244 2155 negatur,

106 2165 150 2204 id
167 2161 278 2214 argui
295 2173 373 2199 non
392 2166 516 2212 potoet
535 2158 686 2221 scripto.
727 2159 793 2197 Ne
814 2158 856 2196 in
875 2158 1138 2197 definitionem
1157 2159 1244 2211 qui-

103 2219 197 2259 dem
217 2215 335 2266 venit,
355 2227 493 2267 genere
511 2213 642 2266 scripti
661 2213 792 2267 ipsius.
820 2213 958 2306 Νεέη,
987 2213 1137 2253 etiamsi
1160 2226 1243 2253 ver-

821 2279 857 2306 ¹⁸1
