1456 2396
194 98 248 138 ⁶3
518 98 776 151 ORATOR,
798 100 902 141 cn.
918 102 983 148 το.

203 213 313 255 aeset,
341 206 382 246 id
409 219 557 248 necesse
585 215 713 248 tamen
741 222 818 249 non
845 218 925 250 erat
951 210 1133 250 confiteri.
1178 209 1232 250 Et
1258 208 1323 251 hic

204 261 378 314 quidem,
397 263 466 314 qui
489 262 589 301 hanc
607 277 630 302 a
648 264 784 313 Laelio,
804 264 854 303 ad
877 278 994 317 quem
1013 265 1174 317 scripsit,
1194 266 1258 304 cui
1283 279 1323 304 se

205 324 360 369 purgat,
380 317 531 355 veniam
549 318 658 370 petit,
678 326 715 358 et
733 319 855 358 utitur
879 320 925 357 ea
951 319 1170 370 trajectione
1188 321 1322 358 verbo-

207 383 310 420 rum,
344 377 382 409 et
409 371 530 410 nihilo
558 379 688 411 tamen
717 373 843 426 aptius
879 374 1021 425 explet,
1054 373 1323 426 concluditque

208 425 424 464 sententias.

263 479 388 530 Apud
405 478 498 518 alios
523 486 667 531 autem,
687 487 724 519 et
748 480 938 520 Asiaticos
960 481 1144 529 maxime,
1163 493 1325 520 numero

211 533 427 582 servientes,
446 533 634 573 inculcata
651 536 813 587 reperias
838 535 968 574 inania
991 536 1170 588 quaedam
1194 537 1324 585 verba,

211 586 323 640 quasi
340 588 618 639 complementa
635 602 894 628 numerorum.
935 591 1034 629 Sunt
1047 591 1163 629 etiam
1178 589 1246 642 qui
1259 590 1327 628 ino

210 641 318 689 vitio,
338 642 443 694 quod
461 645 509 682 ab
529 643 697 694 Hegesia⁴
714 644 884 682 maxime
909 644 1036 692 fluxit,
1059 643 1327 695 infringendis,

211 695 528 748 concidendisque
544 698 728 745 numeris,
740 698 781 736 in
793 697 988 750 quoddam
1005 710 1126 750 genus
1137 699 1331 748 abjectum

211 749 396 798 incidant,
409 750 627 791 Siculorum
638 752 892 791 simillimum.
921 752 1101 791 Tertium
1114 761 1184 802 est,
1198 753 1239 790 in
1252 765 1331 804 quo

212 804 371 843 fuerunt
387 804 520 845 fratres
543 806 616 856 illi,
635 806 894 846 Asiaticorum
912 807 1107 846 rhetorum
1124 806 1329 859 principes,

218 858 416 898 Hierocles
441 868 479 898 et
505 860 713 911 Menecles,
738 860 899 899 minime
923 860 1011 899 mea
1036 860 1223 899 sententia
1241 873 1331 899 con-

218 912 424 952 temnendi.
453 914 540 953 Etsi
564 915 668 954 enim
686 928 710 954 a
727 915 852 953 forma
870 915 1037 953 veritatis
1055 922 1093 954 et
1110 916 1159 953 ab
1177 914 1330 954 Attico-

216 980 306 1006 rum
333 967 467 1018 regula
490 971 646 1019 absunt,
671 976 801 1007 tamen
826 969 899 1007 hoc
923 969 1061 1007 vitium
1088 976 1335 1022 compensant

218 1022 280 1060 vel
297 1020 492 1074 facultate,
512 1024 572 1062 vel
597 1023 717 1075 copia.
752 1022 828 1062 Sed
853 1022 957 1075 apud
981 1036 1044 1062 eos
1069 1023 1229 1062 varietas
1256 1035 1335 1062 non

218 1082 316 1123 erat,
346 1077 451 1128 quod
478 1077 610 1116 omnia
638 1078 715 1116 fere
744 1076 1067 1116 concludebantur
1096 1090 1176 1116 uno
1205 1077 1334 1116 modo.

218 1129 323 1178 Quae
340 1130 433 1170 vitia
449 1133 519 1183 qui
534 1131 688 1184 fugerit,
708 1139 754 1170 ut
771 1144 896 1183 neque
909 1134 1071 1171 verbum
1087 1131 1143 1170 ita
1159 1131 1337 1182 trajiciat,

218 1193 268 1222 ut
284 1183 325 1222 id
342 1184 389 1223 de
406 1185 593 1225 industria
611 1185 756 1224 factum
773 1185 1023 1237 intelligatur,
1043 1198 1168 1238 neque
1185 1185 1337 1225 inferci-

217 1250 288 1278 ens
316 1240 444 1288 verba,
464 1241 575 1294 quasi
592 1240 708 1279 rimas
732 1240 897 1291 expleat,
917 1252 986 1279 nec
1009 1240 1179 1279 minutos
1203 1252 1340 1278 nume-

219 1305 283 1331 ros
295 1305 468 1345 sequens,
478 1295 649 1334 concidat
657 1294 928 1346 delumbetque
939 1295 1156 1343 sententias,
1165 1306 1248 1344 nec,
1258 1294 1340 1333 sine

217 1346 305 1385 ulla
322 1349 632 1397 commutatione,
652 1348 693 1386 in
712 1347 845 1386 eodem
864 1361 1012 1401 semper
1023 1357 1192 1388 versetur
1202 1361 1340 1401 genere

222 1412 500 1450 numerorum;
529 1403 561 1442 is
579 1402 710 1442 omnia
732 1402 811 1441 fere
836 1402 929 1441 vitia
946 1403 1145 1442 vitaverit:
1174 1415 1267 1442 nam
1292 1402 1341 1442 de

222 1455 403 1494 laudibus
426 1458 552 1497 multa
569 1457 753 1507 diximus,
780 1456 922 1509 quibus
940 1464 1031 1497 sunt
1047 1457 1124 1497 alia
1140 1457 1341 1511 perspicua

221 1509 316 1548 vitia
331 1512 531 1550 contraria.

223 1575 256 1603 ·.-·:
280 1563 415 1605 LXX.
444 1565 648 1614 Quantum
677 1572 807 1605 autem
832 1565 881 1606 sit
898 1572 986 1618 apte
1013 1564 1151 1615 dicere,
1177 1565 1341 1618 experiri

223 1618 326 1667 licet,
346 1619 379 1657 si
396 1627 464 1658 aut
481 1620 679 1671 compositi
693 1621 848 1659 oratoris
862 1622 959 1659 bene
977 1626 1160 1659 structam
1180 1620 1340 1658 colloca-

224 1673 369 1711 tionem
393 1673 574 1712 dissolvas
597 1675 876 1726 permutatione
900 1676 1115 1713 verborum.
1156 1673 1341 1713 Corrum-

223 1734 339 1778 patur
357 1727 460 1766 enim
478 1734 558 1766 tota
581 1741 653 1778 res,
673 1736 718 1766 ut
736 1736 774 1767 et
789 1729 873 1768 haec
890 1737 1019 1767 nostra
1035 1729 1076 1766 in
1095 1728 1340 1778 Corneliana,

224 1788 265 1819 et
295 1781 472 1834 deinceps
499 1782 654 1821 omnia:
689 1782 719 1806 “
739 1782 880 1835 Neque
907 1794 972 1821 me
1002 1782 1145 1821 divitiae
1171 1790 1342 1831 movent,

225 1835 369 1886 quibus
395 1848 528 1875 omnes
553 1836 758 1875 Africanos
789 1845 827 1876 et
859 1836 999 1875 Laelios
1027 1836 1143 1875 multi
1169 1836 1344 1875 venalicii

224 1896 526 1942 mercatoresque
539 1891 807 1943 superarunt?
837 1890 1011 1929 Immuta
1026 1891 1204 1943 paulum,
1219 1897 1265 1929 ut
1279 1890 1343 1939 sit,

227 1944 258 1965 “
276 1944 392 1982 multi
410 1945 638 1996 superarunt
656 1952 880 1984 mercatores
893 1945 1143 1997 venaliciique
1155 1945 1198 1992 ;'’
1222 1944 1345 1997 perie-

225 1996 277 2034 rit
294 2004 374 2036 tota
392 2011 462 2036 res.
491 1998 546 2036 Et
560 2012 648 2050 quae
662 2006 874 2052 sequuntur
889 2014 901 2038 z
933 2001 961 2022 “
981 1999 1122 2052 Neque
1135 1998 1262 2046 vestis,
1278 2006 1347 2037 aut

223 2051 403 2089 caelatum
431 2064 569 2090 aurum
603 2060 640 2091 et
672 2061 889 2105 argentum,
917 2066 995 2105 quo
1026 2061 1172 2092 nostros
1203 2060 1346 2092 veteres

227 2104 434 2144 Marcellos
446 2105 720 2158 Maximosque
731 2107 846 2146 multi
857 2107 1022 2146 eunuchi
1035 2121 1055 2146 e
1069 2107 1181 2159 Syria
1192 2106 1344 2158 AEgyp-

225 2166 342 2210 toque
359 2159 570 2198 vicerunt.”
601 2161 731 2199 Verba
749 2169 926 2213 permuta
943 2161 1010 2207 sic,
1031 2170 1075 2200 ut
1097 2162 1160 2208 sit,
1182 2163 1212 2183 ‘⁶
1228 2160 1343 2198 Vice-

222 2220 313 2252 runt
341 2214 507 2254 eunuchi
532 2228 553 2254 e
580 2214 691 2266 Syria
709 2216 1001 2269 AEgyptoque.”
1035 2215 1152 2256 Adde
1171 2214 1341 2263 tertium,
