1456 2396
237 106 318 144 250
345 103 429 142 AD
449 103 1245 153 HERENNIUM,L1B.1V.CA1·.44„

237 212 343 251 tenui
367 212 592 264 cogitatione
613 211 810 265 praeditus,
837 213 946 274 cujus
973 211 1126 251 animus
1146 211 1262 251 tantis
1283 223 1354 251 an-

236 266 371 318 gustiis
394 267 548 305 invidiae
574 267 801 315 continetur,
827 267 896 318 qui
923 279 1001 305 non
1025 267 1130 305 hunc
1152 266 1352 305 hominem

238 320 510 359 studiosissime
526 321 671 369 laudet,
692 327 729 359 et
747 320 1069 372 sapientissimum
1090 319 1249 369 judicet,
1269 320 1352 371 qui,

235 387 306 426 pro
325 375 446 413 salute
463 375 610 426 patriae,
629 388 698 426 pro
721 374 982 413 incolumitate
999 374 1174 422 civitatis,
1193 387 1262 426 pro
1280 375 1353 412 rei-

235 428 401 480 publicae
411 428 587 477 fortunis,
607 429 783 481 quamvis
800 441 987 480 magnum
1001 436 1116 480 atque
1129 435 1238 467 atrox
1251 428 1354 479 peri-

236 483 370 520 culum
389 483 554 522 studiose
571 483 764 535 suscipiat,
785 490 822 521 et
839 483 1000 521 libenter
1019 484 1152 521 subeat
1167 485 1185 521 ἒ
1226 482 1353 534 Equi-

237 535 328 574 dem
345 537 449 576 hunc
466 537 663 576 hominem
675 537 797 589 magis
810 537 922 589 cupio
940 536 1030 575 satis
1047 535 1217 585 laudare,
1231 548 1351 587 quam

237 603 394 641 possum
411 605 422 629 x
451 591 631 643 idemque
655 592 727 630 hoc
745 598 845 630 certo
864 591 939 629 scio
958 590 1065 629 vobis
1082 590 1261 628 omnibus
1279 603 1352 628 usu

223 645 408 688 >venire-'⁹
450 644 600 684 Eadem
632 658 690 684 res
726 645 843 696 igitur
877 645 938 684 his
969 645 1091 683 tribus
1121 644 1163 681 in
1192 643 1352 682 dicendo

238 699 537 737 commutabitur
555 701 681 746 rebus,
702 700 838 748 verbis,
864 698 1161 751 pronuntiando,
1188 705 1353 736 tractan-

238 752 313 799 do3
344 754 409 792 sed
426 753 622 792 tractando
639 753 854 805 dupliciter,
881 752 1205 800 sermocinatione,
1225 760 1264 790 et
1288 765 1355 790 ex-

237 807 491 846 suscitatione.
521 808 596 846 Sed
615 807 662 845 de
680 807 813 845 eadem
827 821 867 845 re
879 820 968 846 cum
983 806 1166 855 dicemus,
1178 805 1354 857 pluribus

237 868 392 899 utemur
411 861 781 900 commutationibus.
822 862 944 909 Nam,
965 873 1054 899 cum
1072 873 1153 899 rem
1172 860 1355 912 simplici-

235 923 294 953 ter
311 915 696 966 pronuntiaverimus,
717 915 902 954 rationem
914 915 1122 967 poterimus
1141 914 1325 963 subjicere
1339 926 1353 959 3

236 969 374 1008 deinde
392 969 607 1021 dupliciter,
627 970 688 1008 vel
705 969 786 1008 sine
803 970 1012 1008 rationibus
1039 969 1100 1006 vel
1126 981 1215 1007 cum
1240 968 1355 1006 ratio·

234 1024 365 1072 nibus,
381 1024 626 1075 pronuntiare
641 1023 892 1069 sententiam3
914 1022 1048 1062 deinde
1060 1022 1192 1061 afferre
1206 1030 1354 1060 contra-

233 1078 338 1117 rium
367 1078 431 1120 (de
449 1078 589 1129 quibus
607 1078 785 1116 omnibus
803 1077 972 1115 diximus
989 1077 1031 1115 in
1049 1078 1252 1115 verborum
1285 1089 1352 1114 ex-

235 1132 540 1180 ornationibus);
571 1131 706 1169 deinde
726 1131 850 1169 simile
874 1139 911 1169 et
935 1131 1171 1182 exemplum,
1198 1130 1245 1168 de
1275 1142 1354 1181 quo

237 1199 306 1224 suo
335 1186 417 1224 loco
444 1186 557 1237 plura
585 1185 780 1231 dicemus3
810 1184 946 1223 deinde
981 1184 1276 1233 conclusionem,
1305 1184 1354 1222 de

235 1240 315 1291 qua
332 1240 373 1277 in
392 1240 556 1278 secundo
581 1239 694 1287 libro,
724 1252 811 1290 quae
840 1251 936 1290 opus
964 1238 1136 1287 fuerunt,
1165 1237 1350 1287 diximus,

235 1294 550 1342 demonstrantes,
600 1292 971 1344 argumentationem
1025 1291 1354 1346 quemadmodum

238 1348 462 1387 concludere
487 1355 669 1399 oporteat.

288 1402 447 1441 XLIV.
486 1402 537 1440 In
563 1402 634 1440 hoc
652 1401 750 1440 libro
778 1399 993 1449 docuimus,
1011 1400 1227 1451 cujusmodi
1254 1407 1350 1441 esset

233 1456 431 1496 exornatio
460 1456 580 1504 verbi,
609 1455 671 1494 cui
700 1455 931 1494 conclusioni
959 1468 1100 1494 nomen
1127 1465 1194 1494 est.
1241 1455 1350 1506 Ergo

230 1511 457 1561 hujusmodi
486 1510 727 1549 vehementer
758 1517 891 1548 ornata
921 1510 1060 1561 poterit
1095 1522 1174 1548 esse
1202 1509 1350 1561 expoli-

233 1566 302 1613 tio,
329 1579 416 1616 quae
444 1565 630 1604 constabit
657 1577 704 1603 ex
727 1563 990 1615 frequentibus
1014 1565 1218 1602 verborum
1237 1577 1350 1602 exor-

232 1619 452 1658 nationibus
477 1626 514 1657 et
538 1618 824 1657 sententiarum„
865 1618 953 1657 Hoc
981 1618 1096 1656 modo
1118 1618 1237 1669 igitur
1263 1631 1350 1669 sep-

233 1681 312 1712 tem
330 1674 502 1725 partibus
530 1673 774 1712 tractabitur:
813 1672 879 1710 sed
897 1674 945 1711 ab
964 1671 1134 1722 ejusdem
1153 1672 1350 1711 sententiae

232 1740 311 1766 non
337 1728 553 1766 recedemus
581 1727 770 1778 exemplo,
797 1734 842 1764 ut
867 1727 959 1764 scire
983 1726 1116 1777 possis,
1146 1739 1265 1777 quam
1289 1725 1349 1764 fa-

232 1781 303 1820 cile
327 1782 577 1833 praeceptione
596 1781 782 1819 rhetorica
798 1793 856 1818 res
875 1780 1038 1831 simplex
1056 1780 1262 1830 multiplici
1288 1793 1350 1818 ra-

230 1836 333 1874 tione
347 1843 538 1874 tractetur.
581 1838 608 1857 “
618 1835 775 1886 Sapiens
794 1834 947 1872 nullum
958 1847 1028 1886 pro
1039 1834 1235 1886 republica
1243 1834 1348 1886 peri-

229 1891 362 1929 culum
381 1889 515 1928 vitabit
531 1903 542 1935 ς
573 1889 657 1927 ideo
670 1888 773 1940 quod
792 1901 890 1939 saepe
907 1889 964 1937 fit,
978 1896 1036 1937 ut,
1050 1901 1138 1927 cum
1153 1901 1223 1939 pro
1233 1901 1349 1939 repu-

228 1944 330 1983 blica
347 1943 468 1995 perire
485 1943 661 1991 noluerit,
674 1942 880 1981 necessario
894 1955 983 1981 cum
995 1942 1191 1994 republica
1204 1949 1345 1994 pereat.

228 1999 284 2037 Et
309 1997 491 2049 quoniam
511 2004 600 2035 sunt
618 1997 746 2034 omnia
765 1997 965 2035 commoda
987 2010 1011 2034 a
1028 1997 1152 2048 patria
1176 2004 1342 2048 accepta,

227 2052 381 2090 nullum
396 2050 682 2089 incommodum
701 2063 770 2101 pro
779 2051 903 2102 patri&
914 2064 1028 2102 grave
1041 2050 1259 2102 putandum
1271 2058 1340 2089 est.

224 2106 349 2158 Ergo,
370 2105 437 2157 qui
455 2105 611 2156 fugiunt
628 2104 667 2142 id
689 2104 917 2156 periculum,
938 2105 1042 2156 quod
1059 2118 1128 2156 pro
1146 2104 1343 2156 republica

224 2160 468 2199 subeundum
486 2166 555 2207 est,
571 2159 685 2197 stulte
703 2158 860 2197 faciunt.
908 2159 1015 2197 Nam
1033 2171 1158 2211 neque
1176 2158 1344 2209 effugere

222 2214 465 2255 incommoda
491 2219 663 2266 possunt,
687 2220 725 2252 et
750 2212 890 2265 ingrati
913 2213 955 2252 in
979 2213 1172 2254 civitatem
1198 2211 1341 2265 reperi-
