1456 2396
246 64 324 109 170
359 63 447 103 AD
468 64 850 117 HERENNIUM‚
865 67 966 108 Lm.
982 68 1042 109 ΙΙ.
1063 69 1168 110 ΟΑΡ.
1186 69 1249 108 16.

236 179 414 212 censeant
431 186 514 212 rem
531 174 782 226 perniciosam
799 176 886 215 utili
909 176 1095 228 praeponi,
1114 182 1244 215 utetur
1266 174 1351 213 loco

236 227 433 265 communi
461 241 529 279 per
560 230 896 282 conquestionem;
925 238 963 269 et
989 230 1106 269 simul
1131 235 1276 281 quaeret
1301 229 1350 266 ab

237 281 530 332 accusatoribus,
550 290 587 321 et
605 286 653 322 ab
669 283 862 333 judicibus
880 284 986 336 ipsis,
1013 284 1108 336 quid
1131 282 1269 322 facturi
1294 294 1352 320 es-

237 342 334 381 sent,
356 335 387 372 si
403 335 443 373 in
464 349 507 374 eo
525 337 607 376 loco
626 338 815 377 fuissent?
846 345 881 376 et
904 346 1069 390 tempus,
1089 338 1232 386 locum,
1250 348 1348 385 rem,

237 386 546 428 deliberationem
566 404 689 440 suam,
710 399 825 443 ponet
842 399 931 430 ante
949 392 1089 430 oculos.

291 441 387 481 XV.
417 443 634 483 Translatio
666 446 834 484 criminis
867 453 937 495 est,
971 458 1060 484 cum
1091 446 1140 483 ab
1171 456 1235 483 reo
1259 441 1352 481 facti

238 507 352 534 causa
370 497 411 534 in
429 498 592 536 aliorum
609 508 808 550 peccatum
826 499 1061 538 transfertur.
1101 499 1152 537 In
1177 497 1256 550 qu‘ssa¹
1272 496 1352 548 pri-

236 560 348 587 mum
367 552 617 602 quaerendum
636 562 704 601 est,
721 554 749 592 J
752 566 867 592 urene
881 554 922 592 in
936 554 1056 592 alium
1068 553 1212 592 crimen
1229 558 1352 589 trans-

235 601 379 642 feratur
395 607 413 643 ‚⁹
442 605 577 644 deinde
597 608 847 658 spectandum
873 615 941 655 est,
962 621 1012 646 an
1031 620 1139 659 aeque
1162 617 1352 656 magnum

237 656 287 694 sit
304 658 402 696 illud
420 667 617 710 peccatum
637 661 740 712 quod
758 662 799 699 in
817 661 939 699 alium
958 661 1219 709 transferatur,
1234 665 1351 710 atque

237 709 337 749 illud
355 713 460 764 quod
477 727 563 752 reus
576 716 778 767 suscepisse
793 729 832 753 se
845 715 1009 754 fateatur
1021 717 1039 754 ἲ
1059 713 1209 762 deinde,
1225 712 1354 763 Opor-

235 765 399 805 tueritne
416 767 457 804 in
476 768 520 805 ea
534 781 574 806 re
590 782 757 820 peccare,
777 769 818 807 in
838 769 916 821 qua
934 769 1032 808 alius
1050 777 1138 807 ante
1154 765 1318 819 peccarit
1332 767 1351 804 ‚⁹

235 816 385 868 deinde,
407 820 679 872 Oportueritne
707 823 897 872 judicium
930 832 1018 862 ante
1048 823 1130 860 fieri
1146 823 1164 860 ἓ
1201 818 1352 865 deinde,

236 884 326 910 cum
345 873 490 912 factum
514 876 705 924 judicium
729 889 807 915 non
832 877 880 914 sit
897 876 945 915 de
962 877 1029 915 illo
1047 875 1219 922 crimine,
1246 872 1351 925 quod

235 925 278 964 in
297 927 417 965 alium
438 929 699 978 transferatur,
721 930 958 981 Oporteatne
972 930 1019 969 de
1044 929 1089 969 ea
1107 942 1148 968 re
1162 927 1353 978 judicium

234 980 330 1027 fieri,
351 994 438 1032 quae
456 995 513 1020 res
539 983 580 1020 in
603 984 792 1032 judicium
817 984 990 1022 nondum
1008 983 1183 1022 venerit?
1222 980 1351 1020 Locus

234 1036 450 1074 communis
469 1037 706 1084 accusatoris,
727 1044 857 1076 contra
885 1051 975 1076 eum
1000 1037 1069 1089 qui
1093 1037 1182 1088 plus
1206 1040 1354 1074 censeat

236 1088 317 1126 vim
336 1102 454 1140 quam
471 1090 616 1139 judicia
634 1092 758 1129 valere
775 1098 971 1142 oportere:
1002 1098 1040 1129 et
1063 1092 1113 1129 ab
1131 1087 1353 1128 adversariis

238 1143 525 1193 percontabitur
551 1152 758 1192 accusator,
787 1144 882 1196 quid
908 1145 1084 1183 futurum
1111 1143 1174 1192 sit,
1192 1142 1225 1181 si
1248 1141 1353 1180 idem

236 1196 361 1234 caeteri
385 1196 541 1245 faciant,
569 1205 614 1235 ut
639 1198 686 1236 de
712 1198 944 1236 indemnatis
970 1197 1157 1250 supplicia
1183 1201 1351 1242 sumant,

237 1249 343 1301 quod
361 1262 423 1288 eos
441 1250 544 1289 idem
562 1251 691 1290 fecisse
704 1252 863 1291 dicant?
892 1251 1002 1299 Quid
1016 1252 1048 1290 si
1065 1252 1146 1303 ipse
1159 1255 1352 1288 accusator

235 1303 339 1341 idem
357 1303 480 1343 facere
498 1305 707 1344 voluisset?
737 1305 927 1344 Defensor
941 1317 1073 1344 eorum
1091 1303 1235 1356 peccati
1252 1310 1352 1341 atro-

235 1357 389 1396 citatem
407 1358 584 1409 proferet,
604 1359 646 1396 in
665 1372 760 1410 quos
786 1359 929 1398 crimen
956 1359 1225 1403 transferetur3
1254 1369 1350 1403 rem,

235 1411 380 1460 locum,
399 1420 565 1463 tempuS,
587 1420 675 1452 ante
692 1413 820 1451 oculos
832 1419 963 1465 ponet,
974 1419 1020 1451 ut
1037 1412 1079 1460 ii,
1099 1411 1168 1464 qui
1181 1409 1350 1457 audient,

236 1465 467 1513 existiment,
497 1474 564 1504 aut
590 1479 668 1505 non
694 1467 875 1518 potuisse,
905 1474 972 1505 aut
993 1479 1071 1505 non
1097 1465 1214 1504 fuisse
1240 1463 1349 1512 utile,

235 1531 317 1557 rem
336 1519 375 1556 in
393 1519 583 1569 judicium
602 1521 741 1560 venire.

289 1572 409 1611 XVI.
440 1573 640 1613 Concessio
660 1582 729 1624 est,
752 1587 820 1626 per
839 1587 957 1626 quam
975 1572 1084 1612 nobis
1102 1571 1247 1624 ignosci
1263 1583 1352 1622 pos-²

236 1626 418 1666 tulamus.
458 1628 521 1666 Ea
545 1628 728 1667 dividitur
752 1629 793 1666 in
817 1628 1099 1680 purgationem,
1120 1634 1158 1665 et
1175 1626 1352 1677 depreca-

223 1679 391 1718 tionem.
424 1681 609 1733 Purgatio
628 1690 698 1731 est,
719 1695 809 1722 cum
834 1682 1005 1721 consulto
1024 1695 1047 1719 a
1071 1679 1180 1719 nobis
1205 1678 1351 1717 sactum

236 1744 433 1794 negamus.
463 1735 526 1774 Ea
543 1736 725 1774 dividitur
742 1737 783 1775 in
797 1735 1126 1783 necessitudinem,
1141 1733 1350 1780 fortunam,

234 1788 547 1838 imprudentiam.
564 1789 628 1828 De
638 1790 698 1829 his
711 1790 882 1842 primum
893 1789 1065 1842 partibus
1076 1785 1353 1828 ostendendum
1435 1824 1440 1831 ,

237 1848 319 1887 est3
349 1841 485 1881 deinde
504 1843 553 1882 ad
571 1843 873 1896 deprecationem
900 1842 1165 1883 revertendum
1187 1840 1349 1879 videtur.

237 1894 416 1934 Primum
435 1897 752 1937 considerandum
777 1906 846 1946 est,
866 1910 962 1937 num
981 1896 1096 1948 culpa
1117 1900 1276 1934 ventum
1302 1899 1351 1931 s1t

236 1948 279 1987 in
303 1950 620 1990 necessitudinem
633 1954 651 1991 ἓ
686 1965 783 1991 num
810 1952 964 2004 culpam
991 1948 1166 1989 veniendi
1191 1946 1351 1986 necessi-

237 2002 332 2041 tudo
356 2003 485 2043 fecerit
498 2007 516 2043 ?
544 2005 698 2045 Deinde
721 2006 971 2058 quaerendum
996 2012 1066 2052 est,
1092 2014 1212 2054 ecquo
1234 1999 1351 2039 modo

238 2055 296 2094 vis
313 2056 381 2095 ffla
406 2057 517 2096 vitari
538 2059 717 2111 potuerit,
736 2073 780 2099 ac
797 2059 915 2098 levari
930 2061 949 2098 ἓ
977 2056 1129 2097 Deinde
1145 2057 1193 2105 is,
1212 2054 1281 2107 qui
1307 2053 1349 2092 in

238 2110 555 2152 necessitudinem
572 2125 726 2153 musam
744 2113 925 2162 conferet,
940 2118 1166 2164 expertusne
1180 2109 1242 2158 sit,
1257 2105 1352 2160 qmd
1435 2093 1439 2100 Ἴ

239 2170 371 2219 contra
399 2164 521 2208 facere
548 2174 618 2208 aut
641 2167 852 2220 excogitare
883 2168 1034 2221 posset?
1063 2163 1229 2211 Deinde,
1257 2172 1355 2219 num
