1456 2396
216 65 268 104 83
555 66 788 118 TOPICA,
810 67 917 108 cip.
940 66 1004 105 18.

221 172 286 211 cui
304 173 533 214 mandatum
552 183 662 225 aeset,
682 177 846 217 alterum
866 175 975 215 almeri
1000 178 1180 226 praestare
1203 175 1354 220 oporte-

224 234 309 273 ret3
339 229 435 280 quid
453 230 580 269 virum
597 231 710 269 uxori
726 245 738 277 ;
769 230 865 283 quid
882 241 1046 268 uxorem
1063 226 1160 272 viro,
1185 221 1355 262 tradide-

225 288 329 320 runt.
378 283 529 323 Licebit
554 285 686 336 igitur,
707 285 909 336 diligenter
927 281 1089 335 cognitis
1107 283 1355 340 argumento-

225 348 316 374 rum
333 337 440 386 locis,
460 351 538 378 non
564 339 680 378 modo
707 339 919 378 oratoribus
945 345 984 377 et
1007 332 1261 388 philosophlso
1287 329 1355 391 ⁵051

221 403 322 483 ,ἔξει-ιε
349 392 465 431 etiam
487 393 632 446 peritis,
659 394 810 446 copiose
834 393 883 432 de
907 388 1251 432 consultationibus
1274 397 1354 424 suls

315 453 433 486 utare.

282 459 452 540 3}an
482 501 723 553 Conjunctus
741 502 832 542 huic
851 513 1054 541 causarum
1067 499 1152 538 loco
1168 497 1276 535 locus
1286 492 1354 532 ille

227 561 298 601 est,
319 555 388 607 qui
406 555 567 595 efficitur
586 570 634 596 ex
653 557 787 596 causis.
836 557 894 596 Ut
912 556 1015 595 enim
1035 566 1151 594 causa
1175 550 1355 590 effectum

226 607 384 659 indicat,
405 610 472 660 sic,
493 611 597 662 quod
616 611 795 650 effectum
814 618 884 660 est,
901 624 989 662 quae
1005 608 1123 648 fuerit
1140 617 1269 653 causa,
1288 603 1357 642 de-

227 671 427 703 monstrat.
476 665 555 704 Hic
579 666 686 704 locus
710 665 954 718 suppeditare
973 664 1069 703 solet
1086 660 1299 701 oratoribus
1318 664 1357 697 et

227 718 365 768 poetis,
395 732 495 771 saepe
522 720 639 759 etiam
657 720 910 772 philosophis,
931 718 997 758 sed
1015 718 1062 756 iis
1081 715 1152 770 qui
1167 721 1302 754 ornate
1320 719 1359 752 et

229 772 379 823 copiose
406 774 515 826 loqui
547 782 722 826 possunt,
756 774 972 813 mirabilem
1005 772 1157 825 copiam
1188 768 1356 817 dicendi,

229 838 320 865 cum
350 827 594 877 denuntiant,
625 829 721 881 quid
751 842 799 867 ex
832 828 989 881 quaque
1015 840 1057 866 re
1084 827 1134 865 sit
1161 824 1355 884 futurum.

229 880 446 921 Causarum
458 883 562 922 enim
574 883 740 935 cognitio
752 884 1008 935 cognitionem
1019 887 1247 921 eventorum
1253 877 1358 916 facit.

283 936 475 989 Reliquus
501 945 557 976 est
582 937 875 990 comparationis
899 937 1021 985 locus,
1050 936 1162 986 cujus
1179 945 1302 986 genus
1319 938 1359 970 et

228 992 454 1042 exemplum
473 1005 589 1044 supra
613 992 784 1044 positum
811 999 881 1038 est,
909 999 954 1030 ut
975 998 1223 1030 caeterorum:
1253 998 1359 1026 nunc

230 1045 458 1097 explicanda
476 1048 649 1086 tractatio
667 1055 735 1086 est.
765 1046 1050 1098 Comparantur
1062 1045 1182 1096 igitur
1194 1056 1254 1091 ea,
1269 1053 1359 1103 qua÷

230 1108 299 1138 aut
316 1101 477 1150 majora,
499 1108 566 1140 aut
580 1102 744 1150 minora,
765 1110 832 1140 aut
845 1100 954 1153 paria
971 1100 1153 1139 dicuntur
1169 1112 1180 1136 ε
1210 1097 1252 1136 in
1271 1107 1360 1148 qm-

230 1155 304 1193 bus
323 1162 541 1206 spectantur
559 1156 655 1205 haec,
676 1168 875 1205 numerus,
896 1154 1052 1207 species,
1081 1153 1151 1202 vis,
1177 1151 1360 1205 quaedam

231 1208 349 1247 etiam
367 1209 417 1248 ad
437 1223 494 1249 res
513 1210 662 1262 aliquas
681 1210 842 1249 affectio.

286 1263 465 1303 Numero
484 1263 538 1303 sic
556 1267 896 1317 comparabuntur,
915 1264 1029 1316 plura
1045 1264 1151 1302 bona
1166 1267 1212 1300 ut
1224 1259 1360 1313 pauci-.-

229 1317 361 1357 oribus
380 1319 489 1361 bonis
508 1326 804 1372 anteponantur,
824 1318 1006 1371 pauciora
1022 1317 1128 1356 mala
1139 1315 1253 1355 malis
1269 1315 1361 1367 plu-

231 1372 353 1421 ribus,
369 1372 611 1413 diuturniora
623 1375 726 1414 bona
738 1373 990 1421 brevioribus,
1005 1372 1120 1424 longe
1134 1377 1173 1410 et
1184 1371 1262 1409 late
1274 1382 1362 1421 per-

232 1434 371 1478 vagata
389 1428 587 1479 angustis;
616 1442 664 1468 ex
678 1429 820 1481 quibus
838 1428 952 1480 plura
965 1429 1069 1466 bona
1085 1431 1361 1478 propagentur,

233 1494 398 1533 quaeque
417 1483 546 1534 plures
566 1483 767 1522 imitentur
785 1491 823 1522 et
836 1482 990 1522 faciant.

287 1535 421 1587 Specie
439 1545 570 1576 autem
589 1545 875 1590 comparantur,
894 1543 940 1575 ut
957 1541 1254 1588 anteponantur,
1273 1546 1364 1586 quae

233 1597 389 1642 propter
407 1604 447 1629 se
472 1592 685 1643 expetenda
710 1599 815 1640 sunt,
842 1592 904 1639 iis,
930 1603 1020 1643 quae
1043 1596 1200 1642 propter
1224 1587 1361 1634 aliud3

233 1652 273 1683 et
290 1652 334 1683 ut
353 1645 486 1684 innata
504 1654 620 1698 atque
639 1646 765 1694 insita,
787 1645 966 1684 assumtis
979 1652 1018 1684 et
1035 1642 1272 1693 adventiciis,
1300 1642 1363 1680 in-

234 1706 343 1750 tegra
374 1700 655 1748 contaminatis,
684 1700 859 1750 jucunda
894 1699 1024 1738 minus
1059 1697 1257 1749 jucundis,
1294 1696 1366 1736 ho-

235 1760 344 1792 nesta
361 1753 454 1806 ipsis
473 1755 589 1793 etiam
608 1755 782 1803 utilibus,
802 1753 987 1807 proclivia
1003 1751 1216 1801 laboriosis»,
1235 1763 1366 1790 neces-

234 1807 335 1846 saria
366 1820 445 1846 non
477 1809 709 1857 necessariis,
739 1822 809 1848 sua
838 1808 987 1857 alienis,
1014 1820 1100 1846 rara
1124 1805 1365 1858 vulgaribus,

235 1862 501 1901 desiderabilia
525 1863 571 1901 iis
599 1864 741 1915 quibus
767 1863 877 1902 facile
899 1875 1026 1902 carere
1044 1860 1179 1914 possis,
1199 1859 1367 1912 perfecta

236 1916 437 1964 inchoatis,
465 1924 544 1956 tota
569 1918 755 1969 partibus,
783 1917 928 1956 ratione
953 1916 1104 1955 utentia
1120 1914 1278 1954 rationis
1297 1927 1366 1953 ex-

235 1970 422 2022 pertibus,
443 1971 659 2011 voluntaria
676 1972 906 2018 necessariis,
928 1971 1100 2010 animata
1127 1968 1363 2016 inanimatis,

235 2025 427 2063 naturalia
445 2038 521 2064 non
541 2027 794 2075 naturalibus,
815 2026 1017 2065 artificiosa
1029 2037 1107 2063 non
1127 2022 1350 2062 artificiosis.

291 2078 365 2118 Vis
383 2087 513 2118 autem
532 2080 572 2119 in
592 2081 874 2133 comparatione
892 2080 945 2119 sic
971 2078 1137 2118 cernitur
1153 2091 1164 2115 ε
1195 2076 1360 2116 efficiens

234 2146 349 2173 causa
366 2134 529 2185 gravior,
550 2148 669 2186 quam
688 2147 765 2174 non
792 2134 983 2180 efficiens3
1012 2146 1101 2186 quae
1119 2131 1251 2183 seipsis
1269 2143 1360 2170 oon-

233 2195 339 2228 tenta
357 2195 460 2238 sunt,
480 2189 651 2238 meliora,
673 2202 792 2242 quam
811 2202 899 2242 quoe
924 2195 1037 2241 egent
1063 2187 1173 2234 aliis,
1202 2198 1290 2238 quae
1314 2185 1358 2225 in
