1466 2458
260 125 311 165 40
583 124 841 174 ORATOR,
864 124 968 165 CAP.
986 126 1050 164 43.

312 233 370 271 At
393 233 618 285 dignitatem
641 233 773 273 docere
797 247 873 273 non
892 233 1019 273 habet.
1063 232 1190 283 Certe,
1209 233 1243 272 si
1260 234 1371 287 quasi

257 288 299 325 in
317 287 421 327 ludo.
464 287 554 336 Sed,
574 288 606 326 si
623 288 829 338 monendo,
849 289 881 327 si
899 287 1142 338 cohortando,
1166 288 1198 327 si
1215 301 1374 340 percon-

257 342 388 391 tando,
409 342 440 381 si
459 342 788 391 communicando,
810 343 841 381 si
860 342 1053 381 interdum
1072 342 1187 380 etiam
1211 342 1292 381 una
1316 343 1373 380 le-

255 395 396 446 gendo,
416 395 629 442 audiend03
660 396 800 445 nescio,
820 396 989 435 docendo
1007 396 1122 435 etiam
1137 396 1283 448 aliquid
1301 396 1373 434 ali-

255 450 425 501 quando,
443 450 473 488 si
487 451 606 502 possis
619 451 793 489 meliores
804 450 939 499 facere,
955 464 1022 489 cur
1032 450 1130 489 nolis
1143 453 1161 490 ,9
1188 456 1272 498 Α11,
1287 450 1373 502 (1111-

255 504 328 542 bus
346 504 468 543 verbis
488 517 679 543 sacrorum
707 505 883 543 alienatio
907 505 988 553 fiat,
1009 505 1142 543 docere
1165 505 1370 543 honestum

255 565 312 596 est
344 561 405 602 (ut
431 565 529 607 est),
519 572 529 582 ·
560 559 700 611 quibus
727 558 810 612 ipsa
837 572 941 597 sacra
963 558 1116 597 retineri
1142 557 1371 611 defendique

253 612 413 675 possint,
429 625 506 651 non
524 613 727 651 honestum
747 615 833 652 est?

308 666 368 704 Α1
393 667 457 716 jus
475 667 701 728 profitentur
719 667 848 728 etiam,
869 666 936 718 qui
961 666 1158 705 nesciunt.
1188 666 1371 718 eloquen-

254 719 310 757 tia
340 728 483 769 autem,
509 721 567 759 1111
596 721 683 772 ipsi,
717 722 785 772 qui
814 721 1003 759 consecuti
1033 727 1136 769 sunt,
1169 727 1299 758 tamen
1332 733 1372 759 se

254 774 380 813 valere
398 774 652 823 dissimulant,
664 782 863 826 propterea
877 774 980 827 quod
991 774 1195 835 prudentia
1205 774 1374 812 1101111111-

253 829 327 866 bus
345 836 453 879 grata
472 835 540 877 est,
553 829 687 880 lingua
701 836 884 880 suspecta.
914 829 1027 866 Num
1041 828 1159 879 igitur
1171 835 1240 866 aut
1253 828 1371 868 latere

254 882 471 933 eloquentia
489 890 637 934 potest.
628 886 645 911 9
674 890 741 921 3111
754 883 808 931 id,
829 883 933 934 quod
951 882 1180 931 dissimulat,
1201 882 1360 934 effugit.
1350 885 1370 911 9

222 938 225 942 ’
252 943 320 973 3111
338 944 394 974 est
411 937 639 988 periculum,
660 950 707 976 ne
727 937 813 989 quis
837 943 959 988 putet,
989 937 1030 974 in
1055 937 1199 998 magna
1225 944 1306 975 arte
1331 944 1369 975 et

252 990 430 1040 gloriosa,
451 998 562 1043 turpe
581 1004 659 1029 esse
677 992 810 1029 docere
828 991 921 1030 alios
943 990 998 1042 id,
1027 990 1167 1043 quod
1156 990 1231 1044 ipsi
1254 990 1372 1030 fuerit

251 1042 561 1083 honestissimum
581 1045 746 1084 discere.
737 1047 754 1073 9

305 1098 369 1136 Ac
388 1098 543 1137 fortasse
563 1100 686 1138 caeteri
704 1099 900 1138 tectiores:
931 1112 1002 1151 ego
1021 1111 1169 1151 semper
1187 1111 1251 1138 me
1269 1098 1368 1137 didi·

251 1152 347 1190 cisse
365 1166 445 1204 prae
462 1166 526 1191 me
544 1153 628 1191 tuli.
675 1153 784 1201 Quid
803 1154 905 1192 enim
924 1166 1074 1205 possem
1089 1155 1106 1192 ἓ
1135 1166 1224 1192 cum
1243 1161 1281 1192 et
1299 1154 1367 1192 ab-

251 1206 410 1244 fuissem
429 1207 657 1257 adolescens,
685 1215 721 1245 et
739 1208 879 1245 horum
897 1207 1111 1246 studiorum
1131 1207 1244 1246 causa
1261 1219 1368 1246 mare

249 1262 484 1306 transissem,
505 1268 542 1299 et
567 1261 791 1300 doctissimis
819 1261 1041 1300 hominibus
1065 1261 1202 1300 referta
1227 1260 1367 1300 domus

250 1321 359 1359 esset,
381 1322 418 1352 et
440 1315 579 1366 aliquae
603 1315 759 1354 fortasse
786 1315 951 1354 inessent
975 1315 1016 1353 in
1042 1327 1215 1354 sermone
1239 1322 1368 1353 nostro

248 1367 507 1406 doctrinarum
535 1376 635 1407 notae
651 1383 663 1415 3
692 1382 858 1421 cumque
877 1370 992 1420 vulgo
1011 1369 1149 1420 scripta
1166 1376 1294 1408 nostra
1311 1369 1368 1408 le-

251 1429 431 1472 gerentur
447 1436 458 1468 ;
489 1422 769 1461 dissimularem
800 1436 864 1461 me
891 1423 1065 1462 didicisse
1081 1425 1099 1462 ἓ
1134 1422 1243 1471 Quid
1271 1431 1366 1471 erat,

251 1488 320 1514 cur
337 1478 553 1527 probarem,
573 1476 647 1515 nisi
661 1477 765 1529 quod
778 1489 916 1528 parum
934 1477 1090 1515 fortasse
1100 1477 1332 1529 profeceram
1347 1479 1366 1516 ,9

302 1530 466 1569 XLIII.
497 1530 614 1578 Quod
633 1544 721 1569 cum
739 1531 794 1569 ita
812 1531 885 1578 sit;
913 1539 1042 1569 tamen
1063 1543 1120 1580 ea,
1144 1543 1232 1582 quae
1250 1543 1366 1582 supra

248 1582 350 1621 dicta
368 1591 470 1633 sunt,
489 1585 578 1635 plus
595 1584 636 1622 in
655 1584 897 1636 disputando,
923 1597 1040 1636 quam
1067 1597 1124 1632 ea,
1151 1584 1198 1622 de
1223 1584 1365 1636 quibus

248 1637 453 1675 dicendum
474 1646 542 1688 est,
564 1638 758 1689 dignitatis
776 1639 1005 1676 habuerunt.
1039 1637 1102 1676 De
1120 1638 1244 1677 verbis
1262 1638 1365 1677 enim

249 1692 534 1742 componendis,
564 1701 601 1730 et
627 1692 674 1730 de
701 1692 856 1743 syllabis
882 1691 1160 1753 propemodum
1187 1691 1364 1731 dinume-

249 1745 378 1783 randis
405 1752 442 1784 et
463 1745 718 1794 dimetiendis,
741 1746 969 1797 loquemur:
1000 1759 1087 1797 quae
1112 1745 1260 1784 etiamsi
1278 1754 1367 1785 sunt

247 1798 376 1842 (sicuti
393 1799 491 1837 mihi
508 1800 702 1845 videntur)
721 1800 940 1848 necessaria,
953 1807 1082 1838 tamen
1093 1799 1194 1837 fiunt
1211 1800 1363 1851 magni-

248 1853 435 1915 ficentius,
456 1866 573 1905 quam
593 1853 786 1891 docentur.
815 1853 888 1892 Est
905 1853 946 1890 id
963 1853 1120 1892 0111111110
1135 1865 1282 1901 verum,
1298 1853 1364 1892 sed

246 1906 398 1958 proprie
416 1906 456 1943 in
475 1907 546 1945 hoc
564 1907 725 1946 dicitur·
715 1935 725 1946 .
755 1919 846 1944 nam
865 1907 1040 1946 omnium
1053 1919 1282 1958 magnarum
1301 1920 1362 1946 ar-

246 1960 361 2008 tium,
383 1960 478 1998 sicut
503 1962 696 2011 arborum,
717 1961 879 1999 altitudo
905 1973 973 1999 nos
999 1961 1188 2007 delectat3
1217 1960 1361 1999 radices

247 2013 457 2065 stirpesque
475 2026 551 2051 non
566 2016 682 2053 item:
713 2015 778 2053 sed
789 2027 867 2053 esse
881 2015 948 2052 illa
963 2015 1042 2053 sine
1060 2015 1119 2053 his
1133 2027 1210 2052 non
1224 2021 1361 2066 potest.

245 2067 318 2106 Me
335 2075 478 2118 autem,
494 2068 571 2107 sive
585 2068 916 2120 pervagatissimus
928 2069 995 2108 ille
1006 2081 1149 2118 versus,
1163 2068 1231 2120 qui
1242 2075 1359 2117 vetat,

299 2157 328 2179 “
347 2155 486 2195 Artem
505 2155 647 2208 pudere
664 2156 856 2208 proloqui,
876 2168 994 2208 quam
1013 2155 1204 2205 factitoe,'’

242 2229 480 2271 dissimulare
498 2241 575 2269 non
594 2229 697 2280 sinit,
719 2229 813 2283 quin
832 2230 1018 2271 delecter·
1005 2259 1018 2279 ,
1048 2230 1126 2271 sive
1142 2237 1256 2271 tuum
1275 2236 1356 2270 stu-
