1456 2396
316 63 396 103 DE
425 61 678 114 FINIBUS,
700 62 802 102 Lm.
819 62 854 102 Ι.
876 61 983 102 CAP.
1004 62 1066 100 18.
1161 60 1239 106 371

111 173 242 213 dolore
259 180 297 212 et
313 172 506 220 molestia,
530 172 754 225 perfruique
780 171 966 211 maximis
994 178 1032 210 et
1058 170 1179 209 animi
1206 177 1245 209 et

110 227 278 280 corporis
295 228 586 279 voluptatibus;
618 227 816 291 videtisne,
837 239 956 279 quam
975 226 1073 264 nihil
1088 232 1246 277 praeter-

110 282 302 330 mittatur,
334 281 440 335 quod
466 281 587 321 vitam
607 282 778 332 adjuvet,
798 295 877 334 quo
894 281 1045 319 facilius
1063 280 1118 328 id,
1139 278 1246 331 quod

109 337 352 389 propositum
389 344 459 385 est,
498 349 700 375 summum
737 338 885 375 bonum
927 347 1234 387 consequamur.
1224 335 1243 362 ⁹

110 390 267 430 Clamat
293 391 489 444 Epicurus
517 391 580 439 (is,
605 404 723 442 quem
746 404 813 429 vos
838 390 954 429 nimis
981 389 1245 451 voluptatibus

109 458 190 484 aese
215 445 391 484 deditum
415 446 571 494 dicitis),
602 458 680 484 non
705 459 815 498 posse
843 444 1016 495 jucunde
1045 444 1138 492 vivi,
1170 443 1245 481 0151

110 500 314 552 sapienter,
336 501 509 548 honeste,
533 502 714 552 justeque
743 501 805 538 viv
807 509 919 545 atur3
950 512 1019 538 nec
1039 499 1243 561 sapienter,

109 554 188 593 hon
191 563 282 604 este,
299 557 417 606 juste,
438 555 511 594 11151
535 555 720 606 jucunde.
770 555 911 606 Neque
930 554 1033 592 enim
1053 554 1184 592 civitas
1203 553 1245 590 in

109 609 296 649 seditione
323 611 435 649 beata
453 623 532 648 0550
550 617 688 671 potest,
709 622 780 648 nec
804 610 844 647 in
864 609 1051 647 discordia
1070 607 1247 646 domino-

107 677 198 703 rum
217 664 356 704 domus
373 680 383 703 1
414 678 493 717 000
511 665 641 703 11111105
660 665 827 710 animus,
849 677 871 701 3
891 677 930 702 50
948 663 1029 715 ipse
1043 662 1245 709 dissidens,

109 731 317 772 secumque
335 719 567 766 discordans,
588 727 742 771 gustare
765 727 915 771 partem
939 719 1061 756 ullam
1084 717 1245 769 liquidae

108 774 317 826 voluptatis
343 782 381 813 et
405 775 536 813 liberae
561 782 697 826 potest.
745 773 887 826 Atqui,
914 773 1180 825 pugnantibus
1207 780 1245 810 et

109 829 308 868 contrariis
341 828 476 868 studiis
513 829 756 881 consiliisque
793 841 943 880 semper
979 835 1105 875 utens,
1144 826 1244 864 nihil

110 883 232 936 quieti
250 883 390 946 videre,
412 884 510 922 nihil
529 884 743 936 tranquilli,
763 891 899 936 potest.

162 937 283 986 Quod
301 939 332 977 51
351 939 517 991 corporis
536 939 776 991 gravioribus
794 938 938 976 morbis
957 937 1046 975 vitae
1063 936 1245 987 jucundi-

108 1000 167 1032 tas
192 993 416 1046 impeditur,
437 1002 583 1045 quanto
612 994 736 1045 magis
762 993 883 1031 animi
902 992 1046 1031 morbis
1065 991 1245 1043 impediri

108 1061 259 1087 necesse
284 1049 365 1088 est!
408 1049 549 1087 Animi
579 1056 710 1087 autem
739 1048 865 1086 morbi
899 1055 990 1086 sunt
1018 1047 1246 1098 cupiditates

104 1103 306 1142 immensae
324 1110 362 1142 et
380 1104 526 1151 inanes,
543 1103 779 1149 divitiarum,
796 1103 943 1154 gloriae,
958 1101 1245 1147 dominationis,

106 1157 401 1197 libidinosarum
421 1159 538 1197 etiam
558 1159 817 1210 voluptatum.
858 1157 1063 1196 Accedunt
1089 1156 1245 1208 aegritu-

108 1212 230 1262 dines,
252 1213 452 1261 molestiae,
473 1226 666 1259 moerores,
688 1214 756 1265 qui
775 1212 924 1251 animos
944 1211 1128 1258 exedunt,
1155 1223 1245 1249 con-

107 1267 320 1320 ficiuntque
337 1268 452 1315 curis,
481 1268 687 1307 hominum
707 1281 785 1307 non
804 1267 1119 1319 intelligentium,
1147 1265 1246 1303 nihil

106 1322 318 1362 dolendum
333 1337 412 1362 esse
427 1323 572 1370 animo,
589 1323 693 1375 quod
710 1323 758 1362 sit
776 1337 799 1361 a
816 1323 947 1361 dolore
966 1321 1132 1373 corporis
1146 1334 1246 1372 prae-1

107 1378 206 1416 senti
220 1377 400 1417 futurove
414 1380 645 1428 sejunctum.
677 1379 763 1416 Nec
779 1391 867 1416 vero
881 1377 1089 1429 quisquam
1104 1376 1246 1414 stultus

108 1445 187 1471 non
206 1432 347 1472 horum
370 1435 597 1472 morborum
620 1433 752 1485 aliquo
778 1433 939 1472 laborat.
971 1432 1102 1471 Nemo
1125 1430 1246 1482 igitur

107 1495 164 1526 est
183 1501 316 1526 eorum
335 1500 413 1526 non
432 1488 560 1527 miser.

161 1543 326 1582 Accedit
345 1543 462 1581 etiam
487 1556 606 1591 mors,
626 1557 728 1596 quae,
756 1543 868 1605 quasi
893 1555 1032 1582 saxum
1059 1540 1244 1588 Tantalo,

107 1610 258 1650 semper
275 1597 498 1660 impendet·
530 1605 615 1637 tum
636 1598 868 1650 superstitio,
889 1611 968 1650 qua
994 1597 1063 1650 qui
1092 1604 1148 1635 est
1170 1595 1245 1633 im-

106 1654 239 1700 butus,
260 1653 415 1705 quietus
434 1666 513 1692 esse
532 1665 736 1705 nunquam
755 1660 890 1706 potest.
934 1652 1124 1690 Praeterea
1142 1652 1245 1689 bona

106 1707 300 1760 praeterita
318 1720 396 1746 non
415 1707 704 1754 meminerunt;
735 1708 988 1761 praesentibus
1008 1719 1086 1746 non
1106 1705 1245 1744 fruun-

104 1770 198 1809 tur3
228 1761 362 1801 futura
386 1763 504 1802 modo
533 1771 780 1815 exspectant;
811 1777 899 1815 quae
928 1762 1021 1815 quia
1044 1769 1146 1800 certa
1165 1773 1245 1799 esse

104 1829 182 1856 non
203 1825 376 1870 possunt,
397 1818 653 1857 conficiuntur
678 1826 715 1857 et
734 1831 876 1870 angore
896 1825 932 1857 et
951 1825 1088 1855 metu·
1076 1845 1089 1862 ‚
1119 1815 1247 1853 maxi-

107 1884 250 1924 100000
274 1873 507 1920 cruciantur,
535 1886 625 1912 cum
646 1886 728 1912 sero
737 1873 933 1935 sentiunt,
957 1872 1101 1910 frustra
1120 1883 1159 1908 se
1178 1877 1247 1907 aut

105 1926 279 1979 pecuniae
297 1927 501 1975 studuisse,
523 1936 591 1966 aut
609 1928 794 1980 imperiis,
815 1938 883 1966 aut
902 1927 1055 1979 opibus,
1077 1933 1145 1963 aut
1163 1925 1247 1975 glo-

106 1981 186 2020 riae.
231 1981 375 2020 Nullas
394 1983 499 2021 0111111
519 1991 808 2036 0005000011101·
826 1983 1057 2034 voluptates,
1079 1991 1247 2032 quarum

106 2035 279 2089 potiendi
298 2049 364 2088 spe
383 2036 630 2088 inflammati,
658 2038 802 2077 multos
827 2038 978 2076 labores
1006 2046 1247 2087 magnosque

107 2098 364 2144 susceperant.

164 2145 267 2185 Ecce
285 2153 416 2185 autem
437 2147 504 2186 alii
522 2147 665 2186 minuti
684 2155 722 2186 et
736 2147 906 2199 angusti,
922 2153 989 2185 aut
1004 2144 1136 2184 omnia
1147 2156 1247 2182 sem-

106 2214 176 2254 per
189 2201 447 2254 desperantes,
461 2209 530 2242 aut
544 2203 739 2252 malevoli,
754 2202 891 2251 invidi,
903 2201 1090 2248 difficiles,
1105 2198 1247 2239 lucifu-
