1456 2396
231 109 306 148 194
333 106 416 146 AD
436 106 814 157 HERENNIUM,
835 107 935 148 L113.
951 108 1034 148 ΙΙΙ.
1054 107 1159 149 CAP.
1174 109 1213 154 7.

226 215 331 268 quod
355 217 448 255 utile
471 223 650 268 putemus
667 229 758 263 esse,
784 218 833 255 ab
851 217 1028 256 omnibus
1051 217 1204 255 unioem
1226 217 1337 256 mali-

224 271 318 308 tiam
350 278 464 321 atque
495 271 702 322 nequitiam
734 273 930 321 cognosci3
959 280 1027 309 aut
1057 271 1161 322 quod
1192 272 1338 323 placeat

225 324 384 370 ostendi,
405 324 498 375 quid
522 325 629 362 nobis
652 325 858 375 displiceat,
889 339 936 363 ex
961 325 1122 363 aliorum
1146 325 1336 376 vitupera-

224 377 337 415 tione.
367 378 434 415 Ab
450 379 530 428 ejus
542 379 715 430 persona,
735 378 781 416 de
795 392 871 430 quo
884 379 1099 430 loquemur,
1120 379 1152 417 si
1163 379 1337 417 laudabi-

226 443 327 477 mus,
354 432 472 470 vereri
495 444 563 470 nos
588 432 769 479 dicemus,
795 440 839 470 ut
862 433 964 470 illius
985 432 1084 471 facta
1108 433 1229 471 verbis
1247 445 1336 471 oon-

226 486 334 536 sequi
350 485 560 536 possimus3
590 499 720 524 omnes
745 486 910 525 hominis
933 486 1036 524 illius
1060 485 1215 525 virtutes
1238 500 1336 538 prae-

225 539 349 577 dicare
373 549 565 590 oportere;
594 540 675 591 ipsa
693 540 791 578 facta
808 541 983 578 omnium
999 539 1240 578 laudatorum
1259 541 1337 578 elo-

226 594 421 644 quentiam
436 595 586 632 anteire.
630 594 671 632 Si
689 595 1000 645 vituperabimus,
1016 607 1074 640 ea,
1093 607 1181 645 quae
1193 593 1340 632 videbi-

224 659 312 685 mus
336 649 532 695 contraria,
557 648 687 699 paucis
711 649 832 686 verbis
850 648 1103 696 commutatis,
1122 647 1197 685 dici
1213 661 1338 699 posse,

224 701 417 747 dicemus3
439 710 482 739 ut
499 703 614 753 paulo
633 711 719 740 ante
734 703 898 752 exempli
912 702 1023 740 causa
1037 701 1338 740 demonstratum

225 763 292 793 est.
333 757 401 794 Ab
415 755 632 793 auditorum
651 756 822 806 persona,
839 757 869 794 si
883 756 1138 803 laudabimus,
1154 756 1339 807 quoniam

224 821 301 846 non
315 810 441 860 apud
430 818 576 860 lgnotos
589 810 802 855 laudemus,
818 822 885 848 nos
899 809 1078 848 monendi
1091 822 1204 847 causa
1215 822 1340 860 pauoez

225 875 303 901 esse
326 863 514 908 dicturos3
545 872 625 911 aut,
653 864 683 901 si
707 872 818 901 erunt
841 864 974 915 ignoti,
1001 872 1046 901 ut
1068 864 1184 901 talem
1208 863 1337 902 virum

226 917 343 955 velint
368 930 600 968 cognoscere,
619 926 816 968 petemus;
846 918 1028 969 quoniam
1045 917 1085 955 in
1103 917 1235 955 eodem
1259 917 1340 955 vir-

224 972 317 1009 tutis
341 971 465 1009 studio
484 972 571 1018 sint,
591 971 694 1022 apud
719 984 813 1023 quos
836 972 1050 1018 laudemus,
1076 983 1153 1022 quo
1170 971 1248 1018 isse,
1268 971 1338 1022 qui

224 1025 414 1073 laudetur,
433 1025 560 1072 fuerit,
581 1033 646 1063 aut
665 1026 725 1071 sit,
747 1039 892 1076 sperare
909 1038 977 1063 nos
995 1025 1127 1063 facile
1116 1024 1176 1072 iis,
1196 1025 1340 1076 quibus

225 1079 398 1125 velimus,
428 1079 544 1128 hujus
568 1079 667 1117 facta
690 1081 924 1131 probaturos.
966 1079 1164 1117 Contraria
1186 1079 1340 1130 vitupe-

225 1133 343 1170 ratio:
374 1134 555 1183 quoniam
583 1133 723 1179 norint,
751 1146 874 1184 pauca
896 1133 944 1171 de
967 1132 1137 1184 nequitia
1160 1133 1243 1182 ejus
1266 1144 1336 1171 nos

225 1199 302 1224 esse
327 1186 512 1224 dicturos:
544 1187 647 1238 qued
672 1188 703 1225 si
723 1188 910 1238 ignorent,
928 1194 1101 1248 petemus
1117 1193 1163 1224 ut
1180 1198 1336 1237 cognos-

225 1248 325 1287 cant,
345 1241 403 1278 uti
420 1241 606 1279 malitiam
621 1249 737 1279 vitare
750 1241 916 1292 possint.
938 1241 1119 1302 quoniam
1137 1239 1338 1278 dissinm'lae
1388 1288 1391 1291 y

225 1294 313 1340 sint,
345 1294 413 1345 qui
441 1294 615 1355 audiunt,
647 1302 761 1345 atque
789 1295 868 1341 ffle,
897 1295 965 1346 qui
991 1294 1238 1345 vituperatur,
1266 1306 1335 1332 nos

224 1361 384 1399 sperare,
414 1348 517 1386 illius
542 1349 659 1386 vitam
677 1349 916 1387 vehementer
933 1349 1220 1399 improbaturus.
1265 1348 1337 1386 Ab

223 1404 299 1439 reb
294 1415 335 1439 is
348 1402 451 1453 ipsis,
471 1403 629 1440 incertos
644 1415 734 1448 esse,
750 1402 843 1454 quid
856 1402 1094 1454 potissimum
1107 1401 1332 1447 laudemus;

223 1456 354 1502 vereri,
370 1468 431 1503 ne,
447 1469 536 1494 cum
554 1457 678 1494 multa
691 1456 912 1505 dixerimus,
931 1456 1042 1508 plura
1054 1462 1337 1507 praetereamus,

223 1518 260 1548 et
274 1523 360 1560 quae
379 1510 518 1548 similes
532 1511 731 1548 sententias
743 1511 963 1555 habebunt,
952 1524 962 1534 ·
992 1510 1132 1562 quibus
1144 1509 1336 1548 sententiis

223 1564 407 1601 contraria
425 1572 628 1602 sumuntur
647 1577 669 1601 a
686 1564 969 1615 vituperatione.

277 1617 377 1655 VII.
408 1617 598 1669 Principio
615 1625 733 1656 tracto
751 1620 798 1656 ab
817 1618 946 1670 aliqua
961 1618 1114 1665 harum,
1134 1629 1230 1668 quas
1247 1623 1334 1655 ante

223 1672 615 1718 commemoravimus,
641 1671 846 1720 rationum,
865 1672 1028 1709 narratio
1044 1683 1122 1709 non
1145 1671 1216 1708 erit
1237 1671 1332 1716 ulla,

222 1737 309 1775 quae
323 1726 525 1763 necessario
540 1734 810 1776 consequatur:
832 1725 896 1764 sed
909 1726 940 1763 si
953 1738 1030 1777 qua
1046 1724 1229 1772 inciderit,
1244 1737 1333 1762 cum

222 1778 378 1840 aliquod
395 1779 539 1816 factum
557 1781 652 1828 ejus,
668 1779 716 1817 de
729 1791 805 1830 quo
821 1779 1036 1831 loquemur,
1050 1778 1159 1817 nobis
1175 1789 1332 1816 narran-

221 1831 317 1869 dum
336 1832 384 1870 sit
401 1845 489 1870 cum
506 1833 619 1870 laude
636 1841 702 1870 aut
719 1833 1003 1885 vituperatione,
1022 1831 1222 1884 praecepn‘o
1245 1843 1334 1869 nar

221 1885 331 1923 randi
344 1885 392 1923 de
403 1887 527 1936 primo
540 1887 636 1925 libro
649 1895 847 1939 repetetur.
873 1887 1070 1925 Divisione
1081 1886 1153 1923 hac
1165 1892 1330 1923 utemur.

223 1939 355 1977 Primo
373 1952 618 2000 exponemus,
639 1955 732 1992 quas
746 1954 803 1979 res
819 1940 1010 1979 laudaturi
1027 1952 1172 1986 sumus,
1191 1946 1258 1976 aut
1274 1938 1331 1976 vi-

222 1994 455 2054 tuperaturi:
485 1993 632 2041 deinde,
659 2003 704 2033 ut
727 2008 902 2046 quaeque,
928 2006 1051 2046 quove
1072 1999 1253 2044 tempore,
1272 2004 1332 2030 ιω

222 2047 292 2085 erit
315 2054 433 2098 gaeta,
458 2047 588 2086 ordine
611 2048 793 2097 dicemus,
817 2055 876 2095 ut,
901 2047 1008 2099 quid,
1034 2058 1226 2098 quamque
1248 2052 1332 2083 tute

221 2112 403 2162 cauteque
421 2101 552 2152 egerit,
565 2101 808 2163 intelligatur.
851 2101 927 2140 Sed
943 2113 1128 2153 exponere
1144 2098 1330 2160 oportebit

221 2154 339 2192 animi
357 2155 510 2193 virmtes
528 2163 595 2193 aut
613 2155 728 2201 vitia;
748 2154 882 2194 deinde
895 2153 1092 2193 commoda
1104 2160 1171 2192 aut
1184 2153 1329 2191 incom-

222 2208 335 2246 moda
352 2209 529 2260 corporis,
549 2218 616 2252 aut
633 2222 760 2250 rerum
785 2216 1041 2257 externarum,
1067 2206 1256 2259 quomodo
1280 2207 1330 2244 ab
