1456 2396
146 95 227 136 240
268 95 351 135 AD
371 94 754 146 HERENNIUM,
775 95 876 135 Lm.
890 94 967 136 IV.
986 94 1093 136 CAP.
1105 95 1173 136 334

143 206 275 282 potitae
303 213 392 244 sunt
407 205 449 244 :’'
485 213 553 244 aut
583 205 701 253 idem,
732 205 866 244 Gallos
894 204 1123 256 significans,
1152 204 1284 254 dicat,

148 260 279 298 “Nec
303 268 384 298 tam
408 260 518 298 facile
542 273 589 298 ex
615 260 731 298 Italia
754 260 908 298 materis
926 259 1184 311 Transalpina
1203 258 1271 298 de-

147 315 357 366 1111153651.
361 315 387 331 ”
416 313 554 360 antid,
574 314 753 366 quodfit‚
780 316 828 352 ab
851 326 909 362 eo,
929 313 1134 365 quifacit;
1162 313 1274 361 ut‚si

149 369 250 421 quis,
270 382 327 407 cu
321 382 360 406 n
377 369 478 407 bello
496 368 587 406 velit
603 368 797 407 ostendere
815 367 961 420 aliquid
978 367 1204 431 quempiam
1217 367 1275 406 fe-

151 424 257 470 cisse,
279 423 427 470 dicat,‘
432 422 568 461 ‘Mars
581 423 684 461 istud
697 431 735 461 te
748 423 870 461 facere
882 422 1087 461 necessario
1100 421 1275 474 coegit?

151 485 219 516 aut
237 478 282 525 si,
303 476 407 529 quod
425 476 530 525 facit,
549 479 598 515 ab
613 490 657 515 eo
674 477 778 529 quod
796 477 854 525 fit,
873 484 932 523 ut,
948 489 1037 514 cum
1051 476 1277 515 desidiosam

152 540 275 570 artem
300 531 483 579 dicemus,
512 531 602 583 quia
629 531 831 570 desidiosos
843 505 972 569 facit·
1007 538 1045 569 et
1069 530 1191 582 frigus
1216 530 1278 582 pi-

152 599 282 637 grum,
314 586 406 647 quia
429 585 556 637 pigros
580 585 694 624 facit.
731 586 800 624 Ab
822 598 879 633 eo,
907 585 1011 637 quod
1033 585 1213 633 continet,
1237 584 1281 623 id

154 640 259 692 quod
278 640 503 687 continetur,
522 640 595 678 hoc
611 639 727 678 modo
745 639 1071 678 denominabitur:
1103 638 1282 678 “Armis

155 695 272 733 113113
290 707 367 733 non
385 702 508 746 potest
520 694 634 741 vinci,
653 707 723 733 nec
743 694 890 732 Graecia
908 693 1165 746 disciplinis?
1186 705 1281 732 nam

155 749 235 796 hic,
252 762 322 801 pro
341 749 484 787 Graecis
502 757 539 787 et
559 723 679 796 113115,
700 762 787 800 quae
805 748 1011 795 continent,
1030 756 1162 787 1101313
1177 755 1282 787 53111.

157 803 226 842 Ab
245 817 303 851 eo,
319 803 424 855 quod
442 803 668 850 continetur,
687 803 728 841 id
746 802 850 855 quod
869 803 1048 851 continet,
1067 810 1126 850 ut,
1145 802 1179 841 51
1195 803 1284 854 quis

157 871 313 906 aurum,
333 858 393 896 vel
412 866 627 909 argentum,
643 865 711 895 331
724 859 818 895 ebur
832 857 1016 905 nominet,
1032 869 1121 896 cum
1135 856 1288 896 divitias

157 912 250 950 velit
280 911 489 950 nominare.
537 912 692 950 Harum
724 912 899 950 omnium
930 911 1286 950 denominationum

158 966 282 1017 magis
299 967 340 1004 in
358 966 610 1018 praecipiendo
628 966 774 1013 divisio,
795 979 913 1018 quam
926 966 968 1004 in
986 965 1190 1018 quaerendo
1208 965 1285 1004 dif-

160 1020 270 1059 ficiljs
293 1021 462 1059 inventio
492 1028 561 1067 est,
589 1020 674 1058 ideo
702 1020 806 1072 quod
837 1021 951 1072 plena
972 1019 1204 1059 consuetudo
1229 1026 1286 1059 est

160 1087 239 1113 non
263 1075 378 1113 modo
400 1075 601 1126 poetarum
626 1082 664 1112 61
693 1083 900 1121 oratorum,
927 1074 993 1113 sed
1019 1074 1135 1113 etiam
1161 1073 1290 1127 quoti·

160 1129 266 1167 diani
284 1130 480 1177 sermonis,
499 1128 723 1190 huju-smodi
741 1129 1105 1167 denominationum.

218 1184 401 1222 Circuitio
430 1191 486 1222 est
513 1184 645 1231 oratio,
676 1196 758 1222 rem
784 1183 996 1235 simplicem
1024 1181 1195 1222 assumta
1217 1183 1291 1222 cir-

164 1238 419 1277 cumscribens
444 1238 667 1285 elocutione,
693 1238 765 1276 hoc
787 1246 922 1290 pacto·
954 1237 1185 1290 “Scipionis
1201 1250 1292 1290 pm-

164 1292 334 1331 videntia
365 1292 606 1354 Carthaginis
637 1305 726 1344 01165
763 1292 916 1344 fregit.'‘
962 1292 1070 1330 Nam
1105 1291 1183 1339 hic,
1216 1291 1291 1331 nisi

163 1346 325 1385 ornandi
349 1347 445 1385 ratio
469 1346 647 1398 quaedam
672 1355 767 1385 esset
789 1346 935 1396 habita,
962 1346 1088 1399 Scipio
1107 1346 1235 1398 potuit
1251 1353 1292 1386 et

167 1401 361 1453 Carthago
380 1401 600 1453 simpliciter
618 1401 812 1454 appellari.
1217 1437 1222 1439 .

220 1455 488 1507 Transgressio
508 1464 576 1503 651,
593 1469 680 1508 quae
695 1457 895 1494 verborum
909 1457 1106 1508 perturbat
1117 1455 1293 1495 ordinem

165 1511 403 1563 perversione
424 1518 491 1548 aut
516 1510 745 1560 trajectione.
791 1510 1036 1549 Perversione
1052 1510 1126 1549 sic:
1162 1510 1294 1549 “Hoc

166 1565 274 1603 vobis
304 1564 408 1603 Deos
438 1565 673 1603 immortales
701 1564 862 1603 arbitror
888 1564 1033 1603 dedisse
1058 1565 1197 1616 pietate
1223 1577 1295 1617 pro

168 1619 333 1658 ves-tra?
380 1619 621 1669 Trajectione
638 1619 710 1657 hoc
721 1618 856 1658 modo:
882 1618 1298 1658 “Instafflisinismm

168 1673 383 1726 plurimum
403 1673 555 1711 fortuna
574 1673 734 1712 valuit.”
768 1673 885 1721 Item,
907 1675 935 1696 “
951 1672 1098 1712 Omnes
1114 1673 1301 1712 invidiose

171 1727 311 1779 eripuit
339 1727 410 1766 tibi
434 1729 531 1766 bene
554 1727 707 1766 vivendi
731 1740 839 1766 msus
863 1727 1102 1766 famatam?
1143 1727 1299 1778 Hujus-

171 1781 278 1820 modi
296 1781 479 1831 trajectio,
501 1795 587 1833 quae
605 1795 686 1820 rem
705 1794 783 1820 non
800 1781 924 1821 reddit
949 1783 1164 1829 obscuram,
1192 1782 1300 1820 mul-

172 1844 259 1875 tum
276 1835 444 1888 proderit
460 1835 510 1874 ad
531 1836 844 1885 continuationes,
870 1835 918 1875 de
941 1836 1082 1897 (1311135
1105 1843 1206 1898 ante·
1217 1835 1298 1875 dic-

173 1897 260 1929 tum
284 1897 364 1936 651;
393 1889 435 1928 111
460 1890 600 1942 quibus
625 1898 773 1942 oportet
794 1892 909 1930 verba
933 1890 1009 1928 sint
1032 1890 1084 1929 ad

174 1944 383 2006 quemdam
398 1952 588 1983 exstructa
601 1957 821 1993 numerum,
841 1953 885 1984 31
901 1943 1064 1997 perfecte
1081 1954 1119 1984 et
1135 1945 1303 1998 perpoli-

175 1999 321 2038 tissime
337 1999 481 2050 possint
499 2011 577 2037 6586
595 2000 790 2038 absolutae.

232 2053 444 2092 XXXIII.
478 2053 693 2104 superlatio
725 2061 781 2092 651
808 2052 927 2092 013110
955 2065 1137 2105 superans
1164 2053 1302 2092 verita-

178 2116 272 2154 tem,
303 2107 465 2157 alicujus
493 2107 660 2159 augendi
681 2107 928 2146 minuendive
951 2108 1077 2147 63353.
1119 2107 1217 2146 Haec
1237 2121 1304 2146 su-

178 2162 300 2200 mitur
317 2161 534 2213 separatinn
553 2171 621 2200 aut
644 2175 734 2200 cum
758 2161 1049 2214 comparatione.
1089 2162 1305 2214 Separatim

181 2216 258 2257 sic:
285 2218 313 2240 “
327 2215 447 2266 Quod
459 2216 491 2258 si
504 2216 743 2258 concordiam
756 2215 1016 2268 retinebimus,
1035 2216 1186 2270 imperii
1196 2229 1308 2268 mag·
