1456 2396
203 70 377 112 ORAT.
400 69 814 110 PARTITIONES.
838 70 943 109 CAP.
975 71 1040 109 26.
1114 70 1187 108 121

65 181 132 220 sed
157 183 275 222 etiam
295 180 510 219 necessariis
530 181 740 232 anteponit,
758 181 799 218 in
819 180 1028 226 suadendo,
1049 191 1139 219 cum
1158 180 1194 218 ei

62 237 198 288 generi
214 236 420 275 hominum
439 235 641 273 consilium
661 235 741 281 des,
772 248 872 286 saepe
891 247 982 273 sane
1000 234 1197 272 laudanda

67 298 136 328 est.
166 291 221 329 Et
238 290 336 329 sslud
354 289 579 337 videndum,
600 297 746 340 quanto
764 289 888 340 magis
906 290 1080 327 homines
1091 289 1197 326 mala

68 345 234 395 fugiant,
254 357 373 397 quam
392 352 601 395 sequantur
619 345 744 381 bona:
776 357 867 381 nam
887 356 1012 395 neque
1034 344 1197 382 honesta

68 406 150 437 tam
185 406 384 451 expetunt,
419 411 538 450 quam
567 397 739 436 devitant
768 398 908 449 turpia.
957 398 1058 446 Quis
1092 398 1196 436 enim

69 452 269 503 honorem,
283 453 369 505 quis
383 452 559 504 gloriam,
581 452 668 504 quis
686 452 857 514 laudem,
879 452 964 503 quis
983 453 1111 490 ullum
1131 452 1198 490 de-

65 520 133 546 cus
150 515 232 547 tam
250 520 425 560 unquam
445 514 614 558 expetat,
651 519 771 558 quam
797 506 1065 558 ignominiam,
1096 506 1199 544 infa-

65 562 202 610 miam,
233 562 521 610 contumeliam,
553 561 730 609 dedecus,
762 561 922 612 fugiat?
951 574 1119 613 quarum
1137 574 1197 599 re-

64 629 154 655 rum
172 617 280 656 dolor
297 616 422 668 gravis
441 623 509 654 est.

119 671 283 710 XXVI.
311 671 385 709 Est
410 683 532 722 genus
557 670 763 709 hominum
788 671 838 709 ad
862 671 1102 710 honestatem
1127 683 1197 709 na-

64 733 167 772 tum,
194 726 299 764 malo
321 726 428 764 cultu
454 725 658 777 pravisque
686 726 931 777 opinionibus
959 733 1196 777 corruptum.

64 779 212 828 Quare,
244 780 286 818 in
314 779 546 818 cohortando
578 787 694 832 atque
721 780 929 827 suadendo,
955 781 1197 831 propositum

67 835 225 887 quidem
250 835 360 873 nobis
386 834 456 872 erit
481 834 593 881 illud,
614 842 660 872 ut
684 834 902 881 doceamus,
925 835 1004 886 qua
1031 835 1069 872 vi
1094 836 1199 872 bona

66 889 262 941 consequi,
289 889 470 950 malaque
498 889 631 934 vitare,
654 890 870 940 possimus:
903 889 983 936 sed,
1004 888 1109 941 apud
1126 889 1197 927 ho-

67 943 190 982 mines
207 945 305 983 bene
323 944 531 990 institutos,
551 944 767 995 plurimum
790 944 838 982 de
856 944 972 982 laude
991 951 1028 981 et
1054 943 1101 981 de
1126 943 1198 981 ho-

66 1005 212 1037 nestate
247 998 443 1043 dicemus;
482 998 730 1050 maximeque
761 1011 805 1037 ea
836 999 1024 1037 virtutum
1057 1010 1199 1049 genera

65 1053 327 1101 tractabimus,
366 1066 455 1104 quae
490 1052 532 1090 in
564 1053 762 1091 communi
792 1053 997 1091 hominum
1030 1053 1197 1091 utilitate

65 1108 210 1146 tuenda
228 1107 482 1159 augendaque
495 1115 706 1146 versantur.
737 1108 807 1146 Sin
820 1108 925 1159 apud
937 1107 1132 1146 indoctos
1122 1120 1198 1145 ιιιι-

66 1162 283 1224 peritosque
301 1162 500 1207 dicemus;
530 1162 694 1210 fructus,
718 1162 994 1210 emolumenta,
1019 1163 1197 1213 volupta-

67 1223 138 1265 tes,
172 1216 449 1268 vitationesque
476 1191 669 1264 dolorum,
703 1230 750 1268 pr
732 1217 972 1255 oferantur:
1004 1216 1199 1254 addantur

68 1271 186 1309 etiam
205 1271 446 1310 contumeh'ae
465 1278 581 1322 atque
599 1271 835 1322 ignominiae.
867 1272 998 1310 Nemo
1018 1271 1122 1310 enim
1143 1278 1200 1309 est

69 1332 152 1364 tam
171 1325 342 1377 agrestis,
360 1338 477 1377 quem
497 1338 589 1372 non,
607 1326 638 1364 si
656 1326 740 1377 ipsa
757 1326 887 1364 minus
905 1326 1024 1364 hones
1008 1334 1097 1372 cta3,
1111 1339 1202 1364 con-

72 1380 234 1418 tumelia
244 1387 373 1418 tamen
385 1387 422 1418 et
437 1379 599 1418 dedecus
612 1393 845 1432 magnopere
856 1388 1020 1418 moveat.
1052 1380 1201 1428 Quare,

73 1434 181 1495 quod
194 1434 244 1472 ad
262 1434 468 1473 utilitatem
489 1442 644 1486 spectet,
666 1448 714 1473 ex
733 1435 779 1473 iis
798 1449 886 1487 quae
904 1434 1005 1473 dicta
1019 1442 1122 1483 sunt,
1143 1448 1203 1473 re-

73 1488 266 1541 perieturz
296 1489 392 1541 quid
419 1496 549 1527 autem
577 1489 695 1550 possit
724 1489 835 1537 effici,
864 1501 998 1536 necne,
1034 1489 1092 1532 (in
1124 1502 1204 1540 quo

75 1543 207 1591 etiam,
227 1557 346 1596 quam
364 1543 474 1582 facile
492 1544 624 1605 possit,
646 1557 843 1596 quamque
867 1543 1060 1596 expediat,
1082 1544 1204 1595 quaeri

77 1598 189 1660 solet)
207 1598 379 1637 maxime
398 1612 446 1636 ex
465 1598 588 1637 causis
606 1598 667 1647 iis,
688 1612 776 1650 quae
795 1611 992 1650 quamque
1016 1611 1099 1637 rem
1122 1598 1203 1636 effi-

78 1652 193 1701 ciant,
215 1660 271 1692 est
287 1653 510 1692 videndum.
559 1652 775 1692 Causarum
803 1661 934 1692 autem
953 1666 1093 1704 genera
1113 1660 1204 1691 sunt

76 1707 201 1759 plura.
248 1708 357 1746 Nam
377 1715 467 1746 sunt
491 1707 590 1755 aliae,
621 1721 709 1760 quae
727 1707 820 1759 ipsae
839 1708 1071 1753 conficiunt;
1102 1708 1202 1755 aliae,

78 1775 166 1813 quae
192 1762 272 1801 vim
304 1762 476 1814 aliquam
508 1762 559 1800 ad
588 1763 868 1801 conficiendum
898 1762 1074 1801 afferunt.
1123 1762 1206 1800 Ita-

77 1829 154 1868 que
172 1816 250 1855 illae
268 1817 492 1868 superiores,
523 1817 763 1856 conficientes
789 1824 1000 1863 vocentur3
1030 1817 1091 1855 hae
1116 1816 1205 1855 reli-

79 1883 167 1922 quae
184 1879 377 1923 ponantur
395 1871 436 1909 111
462 1885 505 1910 eo
523 1884 676 1923 genere,
704 1879 749 1910 ut
772 1871 853 1910 sine
876 1871 937 1910 his
965 1872 1101 1910 confici
1125 1883 1206 1909 non

78 1925 208 1977 possit.
256 1926 471 1965 Conficiens
496 1935 627 1965 autem
652 1939 766 1965 causa
790 1926 866 1964 alia
892 1934 949 1965 est
973 1926 1150 1965 absoluta
1169 1933 1208 1964 et

78 1979 246 2031 perfecta
261 1994 330 2032 per
355 1994 421 2019 se·
450 1981 527 2019 alia
551 1981 700 2043 aliquid
725 1980 928 2042 adjuvans,
956 1988 993 2019 et
1019 1980 1208 2019 efficiendi

79 2034 180 2073 socia
197 2035 404 2086 quaedam.
434 2036 545 2085 cujus
563 2035 712 2087 generis
731 2035 788 2074 vis
812 2036 919 2074 varia
944 2042 1013 2083 est,
1041 2043 1079 2073 et
1107 2047 1208 2085 saepe

77 2095 145 2128 aut
162 2090 300 2140 major,
320 2097 389 2128 aut
401 2090 543 2138 minor,
563 2097 608 2128 ut
627 2096 665 2128 et
683 2090 765 2138 ina,
786 2103 874 2142 quae
892 2089 1108 2128 maximam
1126 2089 1208 2127 vim

78 2142 208 2191 habet,
236 2143 317 2182 sola
342 2157 443 2196 saepe
472 2157 586 2183 causa
614 2144 775 2183 dicatur.
830 2145 932 2183 Sunt
961 2151 1092 2182 autem
1123 2143 1209 2180 aliae

79 2209 216 2245 causae,
235 2211 338 2250 quae,
358 2206 426 2237 aut
444 2205 599 2251 propter
618 2198 868 2252 principium,
881 2206 948 2239 aut
966 2205 1121 2250 propter
1140 2209 1207 2236 ex-

129 2252 328 2301 (thetor.)
350 2264 454 2293 VOL.
473 2265 524 2291 ΙΙ.
835 2265 870 2292 M
