<?xml version="1.0" encoding="UTF-8"?>
<!DOCTYPE html PUBLIC "-//W3C//DTD XHTML 1.0 Transitional//EN"
    "http://www.w3.org/TR/xhtml1/DTD/xhtml1-transitional.dtd">
<html xmlns="http://www.w3.org/1999/xhtml" xml:lang="en" lang="en">
 <head>
  <title>
</title>
<meta http-equiv="Content-Type" content="text/html;charset=utf-8" />
  <meta name='ocr-system' content='tesseract 3.04.00' />
  <meta name='ocr-capabilities' content='ocr_page ocr_carea ocr_par ocr_line ocrx_word'/>
</head>
<body>
  <div class='ocr_page' id='page_1' title='image "./operaern02ciceuoft_0245.png"; bbox 0 0 1456 2396; ppageno 0'>
   <div class='ocr_carea' id='block_1_1' title="bbox 236 58 1267 109">
    <p class='ocr_par' dir='ltr' id='par_1_1' title="bbox 236 58 1267 109">
     <span class='ocr_line' id='line_1_1' title="bbox 236 58 1267 109; baseline 0.002 -11"><span class='ocrx_word' id='word_1_1' title='bbox 236 58 321 106; x_wconf 77' lang='lat' dir='ltr'>AD</span> <span class='ocrx_word' id='word_1_2' title='bbox 341 59 721 109; x_wconf 80' lang='lat' dir='ltr'>HERENN1UM‚</span> <span class='ocrx_word' id='word_1_3' title='bbox 745 59 845 99; x_wconf 80' lang='lat' dir='ltr'>Lm.</span> <span class='ocrx_word' id='word_1_4' title='bbox 860 59 936 100; x_wconf 88' lang='lat' dir='ltr'>IV.</span> <span class='ocrx_word' id='word_1_5' title='bbox 958 60 1064 101; x_wconf 75' lang='lat' dir='ltr'><strong>CAP.</strong></span> <span class='ocrx_word' id='word_1_6' title='bbox 1076 62 1143 101; x_wconf 86' lang='lat'>23.</span> <span class='ocrx_word' id='word_1_7' title='bbox 1190 62 1267 102; x_wconf 83' lang='lat'>231</span> 
     </span>
    </p>
   </div>
   <div class='ocr_carea' id='block_1_2' title="bbox 131 167 1275 2237">
    <p class='ocr_par' dir='ltr' id='par_1_2' title="bbox 131 167 1275 1857">
     <span class='ocr_line' id='line_1_2' title="bbox 139 167 1270 222; baseline 0.002 -16"><span class='ocrx_word' id='word_1_8' title='bbox 139 167 300 207; x_wconf 75' lang='lat' dir='ltr'>,omnino</span> <span class='ocrx_word' id='word_1_9' title='bbox 331 169 465 207; x_wconf 89' lang='lat' dir='ltr'>Patres</span> <span class='ocrx_word' id='word_1_10' title='bbox 497 168 711 220; x_wconf 82' lang='lat' dir='ltr'>Conscripti</span> <span class='ocrx_word' id='word_1_11' title='bbox 742 168 1014 222; x_wconf 77' lang='lat' dir='ltr'><strong>circumscripti</strong></span> <span class='ocrx_word' id='word_1_12' title='bbox 1044 172 1270 222; x_wconf 87' lang='lat' dir='ltr'>putentur.‘’</span> 
     </span>
     <span class='ocr_line' id='line_1_3' title="bbox 145 223 1271 275; baseline 0.003 -14"><span class='ocrx_word' id='word_1_13' title='bbox 145 223 245 261; x_wconf 87' lang='lat' dir='ltr'>Haec</span> <span class='ocrx_word' id='word_1_14' title='bbox 279 223 539 262; x_wconf 86' lang='lat' dir='ltr'>annominatio</span> <span class='ocrx_word' id='word_1_15' title='bbox 571 223 714 262; x_wconf 87' lang='lat' dir='ltr'>accedit</span> <span class='ocrx_word' id='word_1_16' title='bbox 743 224 866 275; x_wconf 89' lang='lat' dir='ltr'>magis</span> <span class='ocrx_word' id='word_1_17' title='bbox 897 224 947 262; x_wconf 86' lang='lat' dir='ltr'>ad</span> <span class='ocrx_word' id='word_1_18' title='bbox 978 225 1271 264; x_wconf 84' lang='lat' dir='ltr'>similitudinem</span> 
     </span>
     <span class='ocr_line' id='line_1_4' title="bbox 144 277 1268 331; baseline 0.004 -17"><span class='ocrx_word' id='word_1_19' title='bbox 144 289 263 328; x_wconf 84' lang='lat' dir='ltr'>quam</span> <span class='ocrx_word' id='word_1_20' title='bbox 294 277 478 328; x_wconf 79' lang='lat' dir='ltr'>superior,</span> <span class='ocrx_word' id='word_1_21' title='bbox 513 277 578 316; x_wconf 87' lang='lat' dir='ltr'>sed</span> <span class='ocrx_word' id='word_1_22' title='bbox 608 278 737 315; x_wconf 91' lang='lat' dir='ltr'>minus</span> <span class='ocrx_word' id='word_1_23' title='bbox 770 291 888 328; x_wconf 90' lang='lat' dir='ltr'>quam</span> <span class='ocrx_word' id='word_1_24' title='bbox 921 279 998 317; x_wconf 88' lang='lat' dir='ltr'>illae</span> <span class='ocrx_word' id='word_1_25' title='bbox 1031 280 1268 331; x_wconf 57' lang='lat' dir='ltr'>superiores,</span> <span class='ocrx_word' id='word_1_26' title='bbox 1256 293 1267 304; x_wconf 90' lang='lat'><strong>·</strong></span> 
     </span>
     <span class='ocr_line' id='line_1_5' title="bbox 143 331 1271 386; baseline 0.004 -17"><span class='ocrx_word' id='word_1_27' title='bbox 143 338 342 383; x_wconf 86' lang='lat' dir='ltr'>propterea</span> <span class='ocrx_word' id='word_1_28' title='bbox 359 331 463 383; x_wconf 90' lang='lat' dir='ltr'>quod</span> <span class='ocrx_word' id='word_1_29' title='bbox 480 344 558 369; x_wconf 93' lang='lat' dir='ltr'>non</span> <span class='ocrx_word' id='word_1_30' title='bbox 584 331 709 369; x_wconf 88' lang='lat' dir='ltr'>solum</span> <span class='ocrx_word' id='word_1_31' title='bbox 733 331 885 379; x_wconf 83' lang='lat' dir='ltr'>additae,</span> <span class='ocrx_word' id='word_1_32' title='bbox 907 333 972 371; x_wconf 86' lang='lat' dir='ltr'>sed</span> <span class='ocrx_word' id='word_1_33' title='bbox 996 346 1075 372; x_wconf 91' lang='lat' dir='ltr'>uno</span> <span class='ocrx_word' id='word_1_34' title='bbox 1100 342 1271 386; x_wconf 90' lang='lat' dir='ltr'>tempore</span> 
     </span>
     <span class='ocr_line' id='line_1_6' title="bbox 142 384 1271 440; baseline 0.004 -17"><span class='ocrx_word' id='word_1_35' title='bbox 142 384 282 424; x_wconf 79' lang='lat' dir='ltr'>demtae</span> <span class='ocrx_word' id='word_1_36' title='bbox 299 398 467 438; x_wconf 87' lang='lat' dir='ltr'>quoque,</span> <span class='ocrx_word' id='word_1_37' title='bbox 485 386 605 424; x_wconf 83' lang='lat' dir='ltr'>literae</span> <span class='ocrx_word' id='word_1_38' title='bbox 623 393 723 424; x_wconf 83' lang='lat' dir='ltr'>sunt.</span> <span class='ocrx_word' id='word_1_39' title='bbox 754 386 932 424; x_wconf 83' lang='lat' dir='ltr'>Tertium</span> <span class='ocrx_word' id='word_1_40' title='bbox 947 400 1068 438; x_wconf 88' lang='lat' dir='ltr'>genus</span> <span class='ocrx_word' id='word_1_41' title='bbox 1083 396 1151 436; x_wconf 55' lang='lat' dir='ltr'>est,</span> <span class='ocrx_word' id='word_1_42' title='bbox 1166 388 1271 440; x_wconf 88' lang='lat' dir='ltr'>quod</span> 
     </span>
     <span class='ocr_line' id='line_1_7' title="bbox 142 441 1272 491; baseline 0.003 -13"><span class='ocrx_word' id='word_1_43' title='bbox 142 448 313 478; x_wconf 86' lang='lat' dir='ltr'>versatur</span> <span class='ocrx_word' id='word_1_44' title='bbox 342 441 383 479; x_wconf 91' lang='lat' dir='ltr'>in</span> <span class='ocrx_word' id='word_1_45' title='bbox 415 453 573 478; x_wconf 86' lang='lat' dir='ltr'>casuum</span> <span class='ocrx_word' id='word_1_46' title='bbox 600 441 910 488; x_wconf 81' lang='lat' dir='ltr'>commutatione,</span> <span class='ocrx_word' id='word_1_47' title='bbox 944 451 1012 480; x_wconf 87' lang='lat' dir='ltr'>aut</span> <span class='ocrx_word' id='word_1_48' title='bbox 1045 443 1173 491; x_wconf 88' lang='lat' dir='ltr'>unius,</span> <span class='ocrx_word' id='word_1_49' title='bbox 1203 451 1272 481; x_wconf 90' lang='lat' dir='ltr'>aut</span> 
     </span>
     <span class='ocr_line' id='line_1_8' title="bbox 141 494 1269 545; baseline 0.004 -13"><span class='ocrx_word' id='word_1_50' title='bbox 141 494 317 545; x_wconf 81' lang='lat' dir='ltr'>plurium</span> <span class='ocrx_word' id='word_1_51' title='bbox 359 495 573 533; x_wconf 88' lang='lat' dir='ltr'><strong>nominum.</strong></span> <span class='ocrx_word' id='word_1_52' title='bbox 630 495 758 533; x_wconf 88' lang='lat' dir='ltr'>Unius</span> <span class='ocrx_word' id='word_1_53' title='bbox 798 495 977 545; x_wconf 82' lang='lat' dir='ltr'>nominis,</span> <span class='ocrx_word' id='word_1_54' title='bbox 1019 496 1091 535; x_wconf 88' lang='lat' dir='ltr'>hoc</span> <span class='ocrx_word' id='word_1_55' title='bbox 1126 497 1269 535; x_wconf 89' lang='lat' dir='ltr'>modo:</span> 
     </span>
     <span class='ocr_line' id='line_1_9' title="bbox 144 548 1271 615; baseline 0.002 -28"><span class='ocrx_word' id='word_1_56' title='bbox 144 549 416 588; x_wconf 80' lang='lat' dir='ltr'>“Alexander</span> <span class='ocrx_word' id='word_1_57' title='bbox 448 548 626 615; x_wconf 84' lang='lat' dir='ltr'>Macedo,</span> <span class='ocrx_word' id='word_1_58' title='bbox 659 562 811 587; x_wconf 89' lang='lat' dir='ltr'>summo</span> <span class='ocrx_word' id='word_1_59' title='bbox 839 550 981 598; x_wconf 88' lang='lat' dir='ltr'>labore,</span> <span class='ocrx_word' id='word_1_60' title='bbox 1013 552 1188 589; x_wconf 88' lang='lat' dir='ltr'>animum</span> <span class='ocrx_word' id='word_1_61' title='bbox 1221 551 1271 589; x_wconf 86' lang='lat' dir='ltr'>ad</span> 
     </span>
     <span class='ocr_line' id='line_1_10' title="bbox 143 601 1273 655; baseline 0.003 -14"><span class='ocrx_word' id='word_1_62' title='bbox 143 601 324 642; x_wconf 84' lang='lat' dir='ltr'>virtutem</span> <span class='ocrx_word' id='word_1_63' title='bbox 347 617 371 642; x_wconf 91' lang='lat' dir='ltr'>a</span> <span class='ocrx_word' id='word_1_64' title='bbox 393 604 557 655; x_wconf 84' lang='lat' dir='ltr'>pueritia</span> <span class='ocrx_word' id='word_1_65' title='bbox 581 603 830 642; x_wconf 70' lang='lat' dir='ltr'>confirmavit.</span> <span class='ocrx_word' id='word_1_66' title='bbox 869 604 1086 643; x_wconf 81' lang='lat' dir='ltr'>Alexandri</span> <span class='ocrx_word' id='word_1_67' title='bbox 1115 607 1273 644; x_wconf 69' lang='lat' dir='ltr'>virtutes</span> 
     </span>
     <span class='ocr_line' id='line_1_11' title="bbox 141 658 1273 710; baseline 0.002 -14"><span class='ocrx_word' id='word_1_68' title='bbox 141 669 211 708; x_wconf 90' lang='lat' dir='ltr'>per</span> <span class='ocrx_word' id='word_1_69' title='bbox 228 659 359 696; x_wconf 88' lang='lat' dir='ltr'>orbem</span> <span class='ocrx_word' id='word_1_70' title='bbox 377 666 485 697; x_wconf 82' lang='lat' dir='ltr'>terrae</span> <span class='ocrx_word' id='word_1_71' title='bbox 499 671 588 697; x_wconf 89' lang='lat' dir='ltr'>cum</span> <span class='ocrx_word' id='word_1_72' title='bbox 602 658 716 696; x_wconf 89' lang='lat' dir='ltr'>laude</span> <span class='ocrx_word' id='word_1_73' title='bbox 731 667 767 696; x_wconf 90' lang='lat' dir='ltr'>et</span> <span class='ocrx_word' id='word_1_74' title='bbox 781 659 902 710; x_wconf 84' lang='lat' dir='ltr'>gloria</span> <span class='ocrx_word' id='word_1_75' title='bbox 916 667 1016 697; x_wconf 85' lang='lat' dir='ltr'>sunt.</span> <span class='ocrx_word' id='word_1_76' title='bbox 1045 660 1273 698; x_wconf 83' lang='lat' dir='ltr'>Alexandro</span> 
     </span>
     <span class='ocr_line' id='line_1_12' title="bbox 142 711 1272 764; baseline 0.003 -14"><span class='ocrx_word' id='word_1_77' title='bbox 142 711 176 749; x_wconf 88' lang='lat' dir='ltr'>si</span> <span class='ocrx_word' id='word_1_78' title='bbox 193 711 270 751; x_wconf 80' lang='lat' dir='ltr'>vita</span> <span class='ocrx_word' id='word_1_79' title='bbox 287 713 435 764; x_wconf 87' lang='lat' dir='ltr'>longior</span> <span class='ocrx_word' id='word_1_80' title='bbox 452 712 541 751; x_wconf 84' lang='lat' dir='ltr'>data</span> <span class='ocrx_word' id='word_1_81' title='bbox 563 721 671 761; x_wconf 83' lang='lat' dir='ltr'>esset,</span> <span class='ocrx_word' id='word_1_82' title='bbox 697 712 898 751; x_wconf 83' lang='lat' dir='ltr'>Oceanum</span> <span class='ocrx_word' id='word_1_83' title='bbox 923 726 1061 752; x_wconf 90' lang='lat' dir='ltr'>manus</span> <span class='ocrx_word' id='word_1_84' title='bbox 1086 714 1272 753; x_wconf 86' lang='lat' dir='ltr'>Macedo-</span> 
     </span>
     <span class='ocr_line' id='line_1_13' title="bbox 142 767 1273 816; baseline 0.003 -12"><span class='ocrx_word' id='word_1_85' title='bbox 142 777 240 804; x_wconf 90' lang='lat' dir='ltr'>num</span> <span class='ocrx_word' id='word_1_86' title='bbox 257 768 533 806; x_wconf 60' lang='lat' dir='ltr'>transvolasset.</span> <span class='ocrx_word' id='word_1_87' title='bbox 573 767 845 806; x_wconf 83' lang='lat' dir='ltr'>Alexandrum</span> <span class='ocrx_word' id='word_1_88' title='bbox 864 780 1008 816; x_wconf 67' lang='lat' dir='ltr'>omnae,</span> <span class='ocrx_word' id='word_1_89' title='bbox 1036 777 1080 806; x_wconf 93' lang='lat' dir='ltr'>ut</span> <span class='ocrx_word' id='word_1_90' title='bbox 1101 769 1273 808; x_wconf 84' lang='lat' dir='ltr'>maxime</span> 
     </span>
     <span class='ocr_line' id='line_1_14' title="bbox 141 822 1272 874; baseline 0.003 -15"><span class='ocrx_word' id='word_1_91' title='bbox 141 828 375 870; x_wconf 77' lang='lat' dir='ltr'>metuerunt,</span> <span class='ocrx_word' id='word_1_92' title='bbox 405 822 498 860; x_wconf 91' lang='lat' dir='ltr'>item</span> <span class='ocrx_word' id='word_1_93' title='bbox 526 822 741 874; x_wconf 89' lang='lat' dir='ltr'>plurimum</span> <span class='ocrx_word' id='word_1_94' title='bbox 766 822 1024 861; x_wconf 80' lang='lat' dir='ltr'>dflexenmt.”</span> <span class='ocrx_word' id='word_1_95' title='bbox 1064 823 1182 862; x_wconf 88' lang='lat' dir='ltr'>Varie</span> <span class='ocrx_word' id='word_1_96' title='bbox 1206 824 1272 862; x_wconf 87' lang='lat' dir='ltr'>hic</span> 
     </span>
     <span class='ocr_line' id='line_1_15' title="bbox 142 876 1272 916; baseline 0.002 -2"><span class='ocrx_word' id='word_1_97' title='bbox 142 887 267 913; x_wconf 88' lang='lat' dir='ltr'>unum</span> <span class='ocrx_word' id='word_1_98' title='bbox 296 888 436 915; x_wconf 88' lang='lat' dir='ltr'>nornen</span> <span class='ocrx_word' id='word_1_99' title='bbox 466 877 507 915; x_wconf 91' lang='lat' dir='ltr'>in</span> <span class='ocrx_word' id='word_1_100' title='bbox 535 876 832 915; x_wconf 89' lang='lat' dir='ltr'>commutatione</span> <span class='ocrx_word' id='word_1_101' title='bbox 864 890 1022 915; x_wconf 82' lang='lat' dir='ltr'>casuum</span> <span class='ocrx_word' id='word_1_102' title='bbox 1054 878 1272 916; x_wconf 79' lang='lat' dir='ltr'>volutatum</span> 
     </span>
     <span class='ocr_line' id='line_1_16' title="bbox 141 930 1273 979; baseline 0.003 -12"><span class='ocrx_word' id='word_1_103' title='bbox 141 937 210 968; x_wconf 84' lang='lat' dir='ltr'>est.</span> <span class='ocrx_word' id='word_1_104' title='bbox 251 930 373 969; x_wconf 88' lang='lat' dir='ltr'>Plura</span> <span class='ocrx_word' id='word_1_105' title='bbox 400 932 571 979; x_wconf 89' lang='lat' dir='ltr'>nomina,</span> <span class='ocrx_word' id='word_1_106' title='bbox 602 930 750 970; x_wconf 83' lang='lat' dir='ltr'>casibus</span> <span class='ocrx_word' id='word_1_107' title='bbox 775 932 1032 979; x_wconf 77' lang='lat' dir='ltr'>commutatis,</span> <span class='ocrx_word' id='word_1_108' title='bbox 1059 932 1131 971; x_wconf 89' lang='lat' dir='ltr'>hoc</span> <span class='ocrx_word' id='word_1_109' title='bbox 1158 933 1273 971; x_wconf 90' lang='lat' dir='ltr'>modo</span> 
     </span>
     <span class='ocr_line' id='line_1_17' title="bbox 143 983 1274 1038; baseline 0.002 -15"><span class='ocrx_word' id='word_1_110' title='bbox 143 983 284 1024; x_wconf 80' lang='lat' dir='ltr'>facient</span> <span class='ocrx_word' id='word_1_111' title='bbox 310 986 685 1024; x_wconf 85' lang='lat' dir='ltr'>annominationem:</span> <span class='ocrx_word' id='word_1_112' title='bbox 723 989 750 1008; x_wconf 83' lang='grc'>“</span> <span class='ocrx_word' id='word_1_113' title='bbox 767 986 832 1024; x_wconf 83' lang='grc' dir='ltr'>Τ1.</span> <span class='ocrx_word' id='word_1_114' title='bbox 855 986 1088 1035; x_wconf 86' lang='lat' dir='ltr'>Gracchum,</span> <span class='ocrx_word' id='word_1_115' title='bbox 1117 1000 1274 1038; x_wconf 89' lang='lat' dir='ltr'>rempu-</span> 
     </span>
     <span class='ocr_line' id='line_1_18' title="bbox 140 1038 1273 1092; baseline 0.001 -13"><span class='ocrx_word' id='word_1_116' title='bbox 140 1038 282 1079; x_wconf 82' lang='lat' dir='ltr'>blicam</span> <span class='ocrx_word' id='word_1_117' title='bbox 311 1040 654 1090; x_wconf 75' lang='lat' dir='ltr'>administrantem,</span> <span class='ocrx_word' id='word_1_118' title='bbox 681 1039 840 1092; x_wconf 87' lang='lat' dir='ltr'>indigna</span> <span class='ocrx_word' id='word_1_119' title='bbox 864 1041 1061 1092; x_wconf 86' lang='lat' dir='ltr'>prohibuit</span> <span class='ocrx_word' id='word_1_120' title='bbox 1086 1054 1162 1080; x_wconf 87' lang='lat' dir='ltr'>nex</span> <span class='ocrx_word' id='word_1_121' title='bbox 1187 1042 1273 1080; x_wconf 91' lang='lat' dir='ltr'>diu-</span> 
     </span>
     <span class='ocr_line' id='line_1_19' title="bbox 142 1093 1273 1135; baseline 0.004 -4"><span class='ocrx_word' id='word_1_122' title='bbox 142 1093 219 1133; x_wconf 85' lang='lat' dir='ltr'>tius</span> <span class='ocrx_word' id='word_1_123' title='bbox 247 1094 288 1134; x_wconf 91' lang='lat' dir='ltr'>in</span> <span class='ocrx_word' id='word_1_124' title='bbox 318 1096 363 1134; x_wconf 70' lang='grc'>83</span> <span class='ocrx_word' id='word_1_125' title='bbox 397 1095 635 1135; x_wconf 77' lang='lat' dir='ltr'>commorari.</span> <span class='ocrx_word' id='word_1_126' title='bbox 675 1095 720 1134; x_wconf 91' lang='lat' dir='ltr'>C.</span> <span class='ocrx_word' id='word_1_127' title='bbox 738 1095 911 1133; x_wconf 85' lang='lat' dir='ltr'>Graccho</span> <span class='ocrx_word' id='word_1_128' title='bbox 940 1095 1112 1134; x_wconf 86' lang='lat' dir='ltr'>similiter</span> <span class='ocrx_word' id='word_1_129' title='bbox 1139 1096 1273 1135; x_wconf 82' lang='lat' dir='ltr'>occisio</span> 
     </span>
     <span class='ocr_line' id='line_1_20' title="bbox 141 1149 1274 1203; baseline 0.003 -17"><span class='ocrx_word' id='word_1_130' title='bbox 141 1149 271 1188; x_wconf 87' lang='lat' dir='ltr'>oblata</span> <span class='ocrx_word' id='word_1_131' title='bbox 307 1157 376 1199; x_wconf 69' lang='lat' dir='ltr'>aet,</span> <span class='ocrx_word' id='word_1_132' title='bbox 415 1165 502 1203; x_wconf 90' lang='lat' dir='ltr'>quae</span> <span class='ocrx_word' id='word_1_133' title='bbox 538 1150 666 1189; x_wconf 80' lang='lat' dir='ltr'>virum</span> <span class='ocrx_word' id='word_1_134' title='bbox 706 1149 924 1201; x_wconf 87' lang='lat' dir='ltr'>reipublicae</span> <span class='ocrx_word' id='word_1_135' title='bbox 964 1151 1274 1189; x_wconf 81' lang='lat' dir='ltr'>amantissimum</span> 
     </span>
     <span class='ocr_line' id='line_1_21' title="bbox 142 1204 1272 1257; baseline 0.002 -16"><span class='ocrx_word' id='word_1_136' title='bbox 142 1204 269 1242; x_wconf 78' lang='lat' dir='ltr'>subito</span> <span class='ocrx_word' id='word_1_137' title='bbox 287 1204 335 1243; x_wconf 89' lang='lat' dir='ltr'>de</span> <span class='ocrx_word' id='word_1_138' title='bbox 352 1205 438 1244; x_wconf 90' lang='lat' dir='ltr'>sinu</span> <span class='ocrx_word' id='word_1_139' title='bbox 452 1204 613 1244; x_wconf 83' lang='lat' dir='ltr'>civitatis</span> <span class='ocrx_word' id='word_1_140' title='bbox 628 1204 778 1256; x_wconf 83' lang='lat' dir='ltr'>eripuit.</span> <span class='ocrx_word' id='word_1_141' title='bbox 810 1204 1076 1251; x_wconf 89' lang='lat' dir='ltr'>Saturninum,</span> <span class='ocrx_word' id='word_1_142' title='bbox 1093 1205 1168 1243; x_wconf 87' lang='lat' dir='ltr'>fide</span> <span class='ocrx_word' id='word_1_143' title='bbox 1183 1218 1272 1257; x_wconf 86' lang='lat' dir='ltr'>cap-</span> 
     </span>
     <span class='ocr_line' id='line_1_22' title="bbox 141 1259 1271 1312; baseline 0.002 -16"><span class='ocrx_word' id='word_1_144' title='bbox 141 1263 227 1295; x_wconf 86' lang='lat' dir='ltr'>tum</span> <span class='ocrx_word' id='word_1_145' title='bbox 249 1259 455 1308; x_wconf 85' lang='lat' dir='ltr'>malorum,</span> <span class='ocrx_word' id='word_1_146' title='bbox 482 1259 651 1312; x_wconf 86' lang='lat' dir='ltr'>perfidiae</span> <span class='ocrx_word' id='word_1_147' title='bbox 679 1259 799 1297; x_wconf 89' lang='lat' dir='ltr'>scelus</span> <span class='ocrx_word' id='word_1_148' title='bbox 824 1259 903 1297; x_wconf 73' lang='lat' dir='ltr'>vita</span> <span class='ocrx_word' id='word_1_149' title='bbox 927 1259 1102 1310; x_wconf 80' lang='lat' dir='ltr'>privavit.</span> <span class='ocrx_word' id='word_1_150' title='bbox 1142 1260 1271 1309; x_wconf 88' lang='lat' dir='ltr'>Tuus,</span> 
     </span>
     <span class='ocr_line' id='line_1_23' title="bbox 141 1312 1272 1375; baseline 0.003 -26"><span class='ocrx_word' id='word_1_151' title='bbox 141 1323 166 1349; x_wconf 94' lang='grc' dir='ltr'>ο</span> <span class='ocrx_word' id='word_1_152' title='bbox 183 1312 325 1374; x_wconf 85' lang='lat' dir='ltr'>Druse,</span> <span class='ocrx_word' id='word_1_153' title='bbox 345 1314 499 1365; x_wconf 85' lang='lat' dir='ltr'>sanguis</span> <span class='ocrx_word' id='word_1_154' title='bbox 524 1313 747 1352; x_wconf 88' lang='lat' dir='ltr'>domesticos</span> <span class='ocrx_word' id='word_1_155' title='bbox 772 1313 948 1374; x_wconf 79' lang='lat' dir='ltr'>parietes,</span> <span class='ocrx_word' id='word_1_156' title='bbox 976 1321 1013 1352; x_wconf 90' lang='lat' dir='ltr'>et</span> <span class='ocrx_word' id='word_1_157' title='bbox 1031 1315 1184 1352; x_wconf 81' lang='lat' dir='ltr'>vultum</span> <span class='ocrx_word' id='word_1_158' title='bbox 1203 1328 1272 1375; x_wconf 78' lang='lat' dir='ltr'>pa-</span> 
     </span>
     <span class='ocr_line' id='line_1_24' title="bbox 140 1367 1274 1420; baseline 0.003 -17"><span class='ocrx_word' id='word_1_159' title='bbox 140 1367 270 1414; x_wconf 88' lang='grc'>1811115,</span> <span class='ocrx_word' id='word_1_160' title='bbox 296 1368 489 1420; x_wconf 82' lang='lat' dir='ltr'>adspersit.</span> <span class='ocrx_word' id='word_1_161' title='bbox 529 1367 760 1419; x_wconf 84' lang='lat' dir='ltr'>Sulpicium,</span> <span class='ocrx_word' id='word_1_162' title='bbox 790 1367 852 1406; x_wconf 91' lang='lat' dir='ltr'>cui</span> <span class='ocrx_word' id='word_1_163' title='bbox 879 1367 996 1419; x_wconf 87' lang='lat' dir='ltr'>paulo</span> <span class='ocrx_word' id='word_1_164' title='bbox 1025 1377 1113 1407; x_wconf 86' lang='lat' dir='ltr'>ante</span> <span class='ocrx_word' id='word_1_165' title='bbox 1143 1369 1274 1406; x_wconf 87' lang='lat' dir='ltr'>omnia</span> 
     </span>
     <span class='ocr_line' id='line_1_25' title="bbox 142 1396 1273 1473; baseline 0.002 -14"><span class='ocrx_word' id='word_1_166' title='bbox 142 1396 409 1470; x_wconf 77' lang='lat' dir='ltr'>concedebant,</span> <span class='ocrx_word' id='word_1_167' title='bbox 431 1435 520 1461; x_wconf 89' lang='lat' dir='ltr'>eum</span> <span class='ocrx_word' id='word_1_168' title='bbox 539 1422 645 1460; x_wconf 89' lang='lat' dir='ltr'>brevi</span> <span class='ocrx_word' id='word_1_169' title='bbox 664 1422 785 1473; x_wconf 86' lang='lat' dir='ltr'>spatio</span> <span class='ocrx_word' id='word_1_170' title='bbox 803 1434 880 1460; x_wconf 91' lang='lat' dir='ltr'>non</span> <span class='ocrx_word' id='word_1_171' title='bbox 905 1422 1020 1460; x_wconf 88' lang='lat' dir='ltr'>modo</span> <span class='ocrx_word' id='word_1_172' title='bbox 1047 1423 1184 1470; x_wconf 73' lang='grc'>111818,</span> <span class='ocrx_word' id='word_1_173' title='bbox 1207 1423 1273 1461; x_wconf 88' lang='grc'>5811</span> 
     </span>
     <span class='ocr_line' id='line_1_26' title="bbox 141 1474 1274 1529; baseline 0.001 -15"><span class='ocrx_word' id='word_1_174' title='bbox 141 1477 257 1515; x_wconf 87' lang='grc'>8113111</span> <span class='ocrx_word' id='word_1_175' title='bbox 271 1477 432 1529; x_wconf 82' lang='lat' dir='ltr'>sepeliri,</span> <span class='ocrx_word' id='word_1_176' title='bbox 446 1477 766 1529; x_wconf 83' lang='lat' dir='ltr'>prohibuerunt.”</span> <span class='ocrx_word' id='word_1_177' title='bbox 797 1474 903 1515; x_wconf 90' lang='lat' dir='ltr'>Haec</span> <span class='ocrx_word' id='word_1_178' title='bbox 907 1476 980 1515; x_wconf 85' lang='lat' dir='ltr'>tria</span> <span class='ocrx_word' id='word_1_179' title='bbox 992 1489 1130 1528; x_wconf 86' lang='lat' dir='ltr'>genera</span> <span class='ocrx_word' id='word_1_180' title='bbox 1143 1477 1274 1529; x_wconf 82' lang='lat' dir='ltr'>proxi-</span> 
     </span>
     <span class='ocr_line' id='line_1_27' title="bbox 140 1531 1273 1593; baseline 0.002 -25"><span class='ocrx_word' id='word_1_181' title='bbox 140 1542 207 1569; x_wconf 88' lang='lat' dir='ltr'>ma</span> <span class='ocrx_word' id='word_1_182' title='bbox 225 1532 530 1593; x_wconf 81' lang='lat' dir='ltr'>exornationum,</span> <span class='ocrx_word' id='word_1_183' title='bbox 544 1544 710 1583; x_wconf 91' lang='lat' dir='ltr'>quorum</span> <span class='ocrx_word' id='word_1_184' title='bbox 724 1543 847 1568; x_wconf 91' lang='lat' dir='ltr'>unum</span> <span class='ocrx_word' id='word_1_185' title='bbox 862 1531 903 1568; x_wconf 90' lang='lat' dir='ltr'>in</span> <span class='ocrx_word' id='word_1_186' title='bbox 916 1531 1088 1570; x_wconf 87' lang='lat' dir='ltr'>similiter</span> <span class='ocrx_word' id='word_1_187' title='bbox 1106 1531 1273 1570; x_wconf 82' lang='lat' dir='ltr'>cadenti-</span> 
     </span>
     <span class='ocr_line' id='line_1_28' title="bbox 139 1585 1273 1634; baseline 0 -10"><span class='ocrx_word' id='word_1_188' title='bbox 139 1586 228 1634; x_wconf 87' lang='lat' dir='ltr'>bus,</span> <span class='ocrx_word' id='word_1_189' title='bbox 248 1587 441 1625; x_wconf 86' lang='lat' dir='ltr'>alterum</span> <span class='ocrx_word' id='word_1_190' title='bbox 430 1599 472 1624; x_wconf 90' lang='grc'>111</span> <span class='ocrx_word' id='word_1_191' title='bbox 491 1585 663 1624; x_wconf 85' lang='grc'>51111111181·</span> <span class='ocrx_word' id='word_1_192' title='bbox 681 1585 940 1624; x_wconf 84' lang='lat' dir='ltr'>desinentibus</span> <span class='ocrx_word' id='word_1_193' title='bbox 958 1586 1095 1633; x_wconf 84' lang='lat' dir='ltr'>verbis,</span> <span class='ocrx_word' id='word_1_194' title='bbox 1116 1586 1273 1624; x_wconf 82' lang='lat' dir='ltr'>tertium</span> 
     </span>
     <span class='ocr_line' id='line_1_29' title="bbox 131 1639 1275 1692; baseline 0.001 -15"><span class='ocrx_word' id='word_1_195' title='bbox 131 1639 181 1677; x_wconf 68' lang='lat' dir='ltr'>‘in</span> <span class='ocrx_word' id='word_1_196' title='bbox 208 1641 583 1680; x_wconf 81' lang='lat' dir='ltr'>annominationibus</span> <span class='ocrx_word' id='word_1_197' title='bbox 609 1640 777 1692; x_wconf 88' lang='lat' dir='ltr'>positum</span> <span class='ocrx_word' id='word_1_198' title='bbox 809 1648 878 1687; x_wconf 89' lang='lat' dir='ltr'>est,</span> <span class='ocrx_word' id='word_1_199' title='bbox 908 1653 1060 1691; x_wconf 84' lang='lat' dir='ltr'>perraro</span> <span class='ocrx_word' id='word_1_200' title='bbox 1088 1640 1275 1679; x_wconf 88' lang='lat' dir='ltr'>sumenda</span> 
     </span>
     <span class='ocr_line' id='line_1_30' title="bbox 139 1694 1272 1747; baseline 0.001 -15"><span class='ocrx_word' id='word_1_201' title='bbox 139 1702 242 1744; x_wconf 85' lang='lat' dir='ltr'>sunt,</span> <span class='ocrx_word' id='word_1_202' title='bbox 270 1708 360 1734; x_wconf 85' lang='lat' dir='ltr'>curn</span> <span class='ocrx_word' id='word_1_203' title='bbox 385 1696 426 1734; x_wconf 88' lang='lat' dir='ltr'>in</span> <span class='ocrx_word' id='word_1_204' title='bbox 452 1695 606 1733; x_wconf 83' lang='lat' dir='ltr'>veritate</span> <span class='ocrx_word' id='word_1_205' title='bbox 624 1694 820 1740; x_wconf 88' lang='lat' dir='ltr'>dicemus;</span> <span class='ocrx_word' id='word_1_206' title='bbox 849 1702 1047 1746; x_wconf 86' lang='lat' dir='ltr'>propterea</span> <span class='ocrx_word' id='word_1_207' title='bbox 1069 1694 1174 1747; x_wconf 90' lang='lat' dir='ltr'>quod</span> <span class='ocrx_word' id='word_1_208' title='bbox 1194 1707 1272 1733; x_wconf 92' lang='lat' dir='ltr'>non</span> 
     </span>
     <span class='ocr_line' id='line_1_31' title="bbox 139 1748 1272 1802; baseline 0.001 -15"><span class='ocrx_word' id='word_1_209' title='bbox 139 1748 222 1788; x_wconf 79' lang='lat' dir='ltr'>haec</span> <span class='ocrx_word' id='word_1_210' title='bbox 239 1749 416 1789; x_wconf 85' lang='lat' dir='ltr'>videntur</span> <span class='ocrx_word' id='word_1_211' title='bbox 440 1749 594 1802; x_wconf 87' lang='lat' dir='ltr'>reperiri</span> <span class='ocrx_word' id='word_1_212' title='bbox 615 1761 723 1801; x_wconf 91' lang='lat' dir='ltr'>posse</span> <span class='ocrx_word' id='word_1_213' title='bbox 748 1748 828 1788; x_wconf 88' lang='lat' dir='ltr'>sine</span> <span class='ocrx_word' id='word_1_214' title='bbox 849 1749 1102 1788; x_wconf 84' lang='lat' dir='ltr'>elaboratione</span> <span class='ocrx_word' id='word_1_215' title='bbox 1121 1757 1158 1788; x_wconf 89' lang='lat' dir='ltr'>et</span> <span class='ocrx_word' id='word_1_216' title='bbox 1183 1762 1272 1788; x_wconf 91' lang='lat' dir='ltr'>con-</span> 
     </span>
     <span class='ocr_line' id='line_1_32' title="bbox 139 1804 477 1857; baseline 0.003 -15"><span class='ocrx_word' id='word_1_217' title='bbox 139 1804 328 1842; x_wconf 81' lang='lat' dir='ltr'>sumtione</span> <span class='ocrx_word' id='word_1_218' title='bbox 342 1817 477 1857; x_wconf 81' lang='lat' dir='ltr'>operae.</span> 
     </span>
    </p>

    <p class='ocr_par' dir='ltr' id='par_1_3' title="bbox 139 1856 1274 2237">
     <span class='ocr_line' id='line_1_33' title="bbox 194 1856 1266 1908; baseline 0 -12"><span class='ocrx_word' id='word_1_219' title='bbox 194 1858 364 1897; x_wconf 91' lang='lat' dir='ltr'>XXIII.</span> <span class='ocrx_word' id='word_1_220' title='bbox 384 1857 592 1908; x_wconf 85' lang='lat' dir='ltr'>Ejusmodi</span> <span class='ocrx_word' id='word_1_221' title='bbox 610 1866 740 1897; x_wconf 86' lang='lat' dir='ltr'>autem</span> <span class='ocrx_word' id='word_1_222' title='bbox 756 1857 882 1895; x_wconf 78' lang='lat' dir='ltr'>studia</span> <span class='ocrx_word' id='word_1_223' title='bbox 896 1856 945 1896; x_wconf 87' lang='lat' dir='ltr'>ad</span> <span class='ocrx_word' id='word_1_224' title='bbox 960 1857 1266 1905; x_wconf 85' lang='lat' dir='ltr'>delectationem,</span> 
     </span>
     <span class='ocr_line' id='line_1_34' title="bbox 143 1911 1274 1963; baseline 0 -13"><span class='ocrx_word' id='word_1_225' title='bbox 143 1925 262 1963; x_wconf 89' lang='lat' dir='ltr'>quam</span> <span class='ocrx_word' id='word_1_226' title='bbox 276 1913 326 1952; x_wconf 86' lang='lat' dir='ltr'>ad</span> <span class='ocrx_word' id='word_1_227' title='bbox 339 1914 553 1961; x_wconf 83' lang='lat' dir='ltr'>veritatem,</span> <span class='ocrx_word' id='word_1_228' title='bbox 570 1912 748 1951; x_wconf 80' lang='lat' dir='ltr'>videntur</span> <span class='ocrx_word' id='word_1_229' title='bbox 763 1912 1117 1951; x_wconf 86' lang='lat' dir='ltr'>accommodatiora.</span> <span class='ocrx_word' id='word_1_230' title='bbox 1139 1911 1274 1960; x_wconf 87' lang='lat' dir='ltr'>Quare</span> 
     </span>
     <span class='ocr_line' id='line_1_35' title="bbox 141 1966 1272 2018; baseline -0.001 -14"><span class='ocrx_word' id='word_1_231' title='bbox 141 1966 250 2016; x_wconf 60' lang='lat' dir='ltr'>fides,</span> <span class='ocrx_word' id='word_1_232' title='bbox 279 1974 316 2006; x_wconf 83' lang='lat' dir='ltr'>et</span> <span class='ocrx_word' id='word_1_233' title='bbox 340 1967 520 2018; x_wconf 86' lang='lat' dir='ltr'>gravitas,</span> <span class='ocrx_word' id='word_1_234' title='bbox 548 1973 585 2005; x_wconf 86' lang='lat' dir='ltr'>et</span> <span class='ocrx_word' id='word_1_235' title='bbox 611 1966 788 2005; x_wconf 81' lang='lat' dir='ltr'>severitas</span> <span class='ocrx_word' id='word_1_236' title='bbox 817 1966 980 2004; x_wconf 77' lang='lat' dir='ltr'>oratoria</span> <span class='ocrx_word' id='word_1_237' title='bbox 1004 1966 1194 2004; x_wconf 89' lang='lat' dir='ltr'>minuitur</span> <span class='ocrx_word' id='word_1_238' title='bbox 1211 1966 1272 2004; x_wconf 85' lang='lat' dir='ltr'>his</span> 
     </span>
     <span class='ocr_line' id='line_1_36' title="bbox 140 2020 1274 2073; baseline -0.001 -14"><span class='ocrx_word' id='word_1_239' title='bbox 140 2022 453 2060; x_wconf 89' lang='lat' dir='ltr'>exornationibus</span> <span class='ocrx_word' id='word_1_240' title='bbox 482 2021 703 2073; x_wconf 87' lang='lat' dir='ltr'>frequenter</span> <span class='ocrx_word' id='word_1_241' title='bbox 734 2020 950 2059; x_wconf 87' lang='lat' dir='ltr'>collocatis:</span> <span class='ocrx_word' id='word_1_242' title='bbox 979 2028 1017 2059; x_wconf 91' lang='lat' dir='ltr'>et</span> <span class='ocrx_word' id='word_1_243' title='bbox 1046 2033 1126 2059; x_wconf 91' lang='lat' dir='ltr'>non</span> <span class='ocrx_word' id='word_1_244' title='bbox 1157 2020 1274 2058; x_wconf 91' lang='lat' dir='ltr'>modo</span> 
     </span>
     <span class='ocr_line' id='line_1_37' title="bbox 139 2074 1274 2126; baseline -0.001 -13"><span class='ocrx_word' id='word_1_245' title='bbox 139 2075 289 2114; x_wconf 82' lang='lat' dir='ltr'>tollitur</span> <span class='ocrx_word' id='word_1_246' title='bbox 308 2076 511 2115; x_wconf 81' lang='lat' dir='ltr'>auctoritas</span> <span class='ocrx_word' id='word_1_247' title='bbox 533 2075 700 2122; x_wconf 85' lang='lat' dir='ltr'>dicendi,</span> <span class='ocrx_word' id='word_1_248' title='bbox 729 2075 796 2113; x_wconf 90' lang='lat' dir='ltr'>sed</span> <span class='ocrx_word' id='word_1_249' title='bbox 821 2074 1030 2113; x_wconf 86' lang='lat' dir='ltr'>offenditur</span> <span class='ocrx_word' id='word_1_250' title='bbox 1057 2087 1212 2126; x_wconf 90' lang='lat' dir='ltr'>quoque</span> <span class='ocrx_word' id='word_1_251' title='bbox 1232 2074 1274 2112; x_wconf 91' lang='lat' dir='ltr'>in</span> 
     </span>
     <span class='ocr_line' id='line_1_38' title="bbox 139 2128 1271 2181; baseline 0 -15"><span class='ocrx_word' id='word_1_252' title='bbox 139 2129 330 2178; x_wconf 77' lang='lat' dir='ltr'>ejusmodi</span> <span class='ocrx_word' id='word_1_253' title='bbox 348 2130 518 2169; x_wconf 85' lang='lat' dir='ltr'>oratione</span> <span class='ocrx_word' id='word_1_254' title='bbox 535 2129 713 2175; x_wconf 81' lang='lat' dir='ltr'>auditor-3</span> <span class='ocrx_word' id='word_1_255' title='bbox 735 2136 938 2181; x_wconf 87' lang='lat' dir='ltr'>propterea</span> <span class='ocrx_word' id='word_1_256' title='bbox 957 2129 1062 2180; x_wconf 87' lang='lat' dir='ltr'>quod</span> <span class='ocrx_word' id='word_1_257' title='bbox 1077 2136 1132 2167; x_wconf 85' lang='lat' dir='ltr'>est</span> <span class='ocrx_word' id='word_1_258' title='bbox 1150 2129 1191 2165; x_wconf 93' lang='lat' dir='ltr'>in</span> <span class='ocrx_word' id='word_1_259' title='bbox 1210 2128 1271 2166; x_wconf 89' lang='lat' dir='ltr'>his</span> 
     </span>
     <span class='ocr_line' id='line_1_39' title="bbox 140 2182 1274 2237; baseline -0.002 -13"><span class='ocrx_word' id='word_1_260' title='bbox 140 2183 251 2237; x_wconf 85' lang='lat' dir='ltr'>lepos</span> <span class='ocrx_word' id='word_1_261' title='bbox 274 2191 313 2224; x_wconf 87' lang='lat' dir='ltr'>et</span> <span class='ocrx_word' id='word_1_262' title='bbox 337 2183 534 2235; x_wconf 69' lang='lat' dir='ltr'>festivitas,</span> <span class='ocrx_word' id='word_1_263' title='bbox 559 2196 639 2224; x_wconf 87' lang='lat' dir='ltr'>non</span> <span class='ocrx_word' id='word_1_264' title='bbox 657 2183 838 2236; x_wconf 78' lang='lat' dir='ltr'>dignitas,</span> <span class='ocrx_word' id='word_1_265' title='bbox 867 2195 995 2236; x_wconf 88' lang='lat' dir='ltr'>neque</span> <span class='ocrx_word' id='word_1_266' title='bbox 1013 2182 1274 2237; x_wconf 84' lang='lat' dir='ltr'>pulchritudo.</span> 
     </span>
    </p>
   </div>
  </div>
 </body>
</html>
