1456 2396
294 50 380 90 AD
399 50 649 91 HERENN
652 51 716 91 IU
718 50 783 101 M,
804 50 905 89 Lm.
923 48 1000 90 IV.
1019 48 1127 89 CAP.
1152 47 1214 87 16.
1243 47 1324 85 225

196 158 258 198 bis
284 159 443 199 Italiam
467 173 592 212 nuper
616 160 837 208 illustravit,
865 160 948 210 ejus
973 171 1079 197 nunc
1097 157 1164 197 vix
1182 154 1326 195 funda„

196 221 418 254 mentorum
449 215 623 266 reliquiae
651 215 876 253 maneant.”
918 215 1037 275 Item,
1073 215 1102 235 “
1119 213 1323 250 Bonorum

194 267 433 308 insidiatores
455 269 654 308 latrocinio
673 269 794 307 vitam
812 267 1116 307 1111108811115511111
1135 267 1324 316 cujusque

193 323 368 374 petistis:
399 332 600 363 tantamne
626 337 674 362 ex
699 323 905 375 iniquitate
929 323 1164 372 judiciorum
1190 318 1323 358 vestris

190 377 396 417 calumniis
409 379 604 417 assumitis
621 378 872 417 facultatem.
862 379 879 405 9
884 378 909 395 ”
940 377 1028 415 Η38
1043 374 1321 415 exclamatione

189 431 222 469 si
240 432 325 471 loco
343 440 513 483 utemur,
529 446 629 483 raro,
651 441 688 471 et
706 445 796 471 cum
814 431 869 470 rei
884 431 1112 482 magnitudo
1126 429 1322 482 postulare

188 485 407 535 videbitur3
428 488 478 526 ad
497 501 618 540 quam
632 487 806 526 volemus
820 486 1126 538 indignationem
1140 484 1319 522 animum

187 540 373 581 auditoris
392 543 640 581 adducemus.

240 596 497 649 Interrogatio
511 609 590 635 non
605 596 731 635 omnis
747 596 873 648 gravis
887 603 958 644 est,
974 607 1100 646 neque
1115 592 1316 640 concinna,

183 649 252 689 sed
270 650 366 700 haec,
395 665 497 704 quae,
525 664 616 690 cum
642 659 866 690 enumerata
892 657 983 689 sunt
1002 662 1047 688 ea
1066 662 1154 700 quae
1173 649 1315 686 obsunt

182 717 308 744 causae
338 705 657 755 adversariorum,
685 705 889 745 confirmat
913 703 1149 756 superiorem
1175 700 1315 740 oratio-

180 770 288 809 nem,
317 760 391 800 hoc
415 768 553 813 pacto:
587 763 616 783 “
637 762 742 800 Cum
767 760 887 812 igitur
904 760 988 797 haec
1005 758 1137 797 omnia
1154 756 1312 803 faceres,

178 812 336 863 diceres,
369 815 669 865 administrares,
701 824 835 854 utrum
864 814 1013 853 animos
1042 812 1231 851 sociorum
1262 811 1312 847 ab

178 870 378 919 republica
410 873 634 910 removebas
667 878 705 909 81
738 870 946 932 3118331135,
985 881 1035 906 311
1073 879 1179 905 11011.
1169 866 1200 894 9’
1206 866 1217 883 ’
1257 871 1310 912 81,

179 923 208 944 “
228 923 372 962 Utrum
398 925 569 977 aliquem
596 925 771 964 exornari
797 923 980 976 oportuit,
1002 922 1071 975 qui
1089 922 1162 960 ista
1179 919 1312 973 prohi-

175 977 296 1026 beret,
318 992 362 1017 ac
381 979 463 1017 fieri
482 992 559 1018 non
580 980 732 1028 sineret,
754 992 803 1018 an
823 991 924 1017 non.
915 979 947 1006 9’

229 1031 350 1072 XVI.
382 1034 639 1073 Ratiocinatio
664 1042 734 1084 est,
755 1048 824 1086 per
843 1046 963 1086 quam
981 1031 1055 1084 ipsi
1075 1044 1098 1069 3
1116 1030 1228 1069 nobis
1246 1042 1309 1067 ra-

173 1085 321 1126 tionem
346 1089 556 1140 poscimus,
578 1103 697 1141 quare
716 1089 889 1151 quidque
908 1088 1097 1135 dicamus,
1119 1093 1156 1124 et
1175 1085 1309 1124 crebro

172 1150 324 1181 nosmet
342 1157 366 1181 a
384 1144 494 1182 nobis
520 1144 688 1195 petimus
711 1144 1015 1194 urjuscujusque
1037 1139 1307 1200 propositionis

171 1197 495 1247 explanationem.
525 1199 587 1236 Ea
602 1206 657 1237 est
668 1198 917 1248 hujusmodi:
938 1200 966 1219 ‘⁸
981 1196 1154 1246 Majores
1169 1193 1303 1241 nostri,

170 1249 203 1287 51
218 1265 337 1302 quam
357 1253 472 1291 unius
487 1253 632 1305 peccati
646 1254 849 1291 mulierem
863 1253 1116 1298 damnabant,
1137 1248 1305 1300 simplici

164 1304 313 1353 judicio
332 1307 546 1346 multorum
560 1308 839 1347 maleficiorum
854 1320 949 1345 coni
951 1307 1068 1345 ictam
1082 1305 1301 1356 putabant·

168 1372 248 1409 quo
272 1369 409 1412 pacto.
399 1364 417 1390 9
447 1363 648 1414 quoniam,
670 1376 789 1415 quam
807 1361 1046 1423 impudicam
1063 1358 1299 1409 judicarant,

168 1426 253 1452 eam
274 1416 447 1455 veneficii
467 1430 621 1468 quoque
635 1418 860 1456 damnatam
876 1416 1160 1455 existimabant.
1191 1412 1301 1461 Quid

165 1466 243 1507 ita.
235 1471 252 1496 9
283 1469 390 1518 Quia
414 1484 564 1510 necesse
590 1480 660 1519 est.
689 1485 789 1519 eam,
817 1485 905 1523 quae
933 1483 1048 1509 suum
1074 1481 1212 1520 corpus
1231 1467 1300 1505 ad-

162 1522 305 1562 dixerit
320 1525 551 1577 turpissimae
564 1526 778 1578 cupiditati,
793 1526 927 1564 timere
940 1524 1164 1576 permultos.
1187 1522 1299 1570 Quos

162 1576 286 1616 istos?
317 1579 476 1629 Virum,
504 1589 694 1632 parentes,
724 1589 891 1628 caeteros,
919 1580 969 1618 ad
995 1591 1091 1631 quos
1114 1577 1218 1615 videt
1237 1576 1299 1614 sui

161 1631 354 1673 dedecoris
379 1634 583 1673 infamiam
613 1636 813 1688 pertinere.
855 1634 965 1683 Quid
990 1641 1144 1686 postea.
1135 1634 1152 1660 9
1183 1631 1296 1679 Quos

159 1692 359 1750 tantopere
386 1689 534 1738 timeat,
559 1704 636 1739 eos,
658 1704 807 1730 11888558
827 1698 896 1738 351,
917 1698 976 1737 ut,
997 1700 1155 1740 quoquo
1178 1686 1298 1725 modo

158 1743 290 1792 possit,
311 1743 494 1783 veneficio
513 1752 631 1796 petat.
673 1745 779 1784 Cur.
769 1748 787 1773 9
817 1719 924 1793 Quia
942 1744 1051 1782 nulla
1069 1749 1193 1794 potest
1219 1740 1290 1778 ho-

157 1804 267 1835 nesta
295 1798 392 1837 ratio
418 1798 580 1838 retinere
606 1812 706 1849 eam,
739 1813 859 1851 quam
889 1797 1118 1850 magnitudo
1146 1796 1293 1848 peccati

157 1849 249 1889 facit
268 1851 461 1901 timidam,
488 1854 785 1906 intemperantia
809 1854 1009 1931 audacem,
1037 1859 1175 1890 natura
1200 1863 1290 1888 mu-

156 1905 287 1944 liebris
316 1907 647 1947 inconsideratam.
689 1909 798 1957 Quid
828 1908 946 1948 vene?
937 1908 1000 1946 811
1029 1906 1279 1944 damnatam.
1269 1907 1288 1932 9

157 1958 294 2006 Quid.
286 1954 304 1989 9
359 1964 549 2013 putabant
596 1963 834 2016 impudicam
872 1975 1026 2015 quoque
1064 1959 1286 1998 necessario.

154 2014 318 2062 Quare?
355 2016 462 2064 Quia
479 2017 589 2056 nulla
606 2019 755 2058 facilius
774 2019 823 2058 ad
841 2018 882 2056 id
901 2016 1135 2055 maleficium
1155 2027 1283 2060 causa,

153 2081 275 2131 quarn
294 2071 416 2122 turpis
429 2084 537 2110 amor
563 2081 601 2110 et
619 2073 878 2125 intemperans
888 2072 1023 2121 libido,
1044 2081 1284 2110 commovere

152 2123 303 2174 potuit:
334 2127 446 2175 cnjus
473 2127 646 2167 mulieris
675 2129 829 2167 animus
848 2135 943 2167 85581
962 2132 1177 2177 corruptu8‚
1198 2135 1282 2173 eJus

150 2189 288 2230 corpus
313 2186 463 2220 castum
482 2194 562 2221 esse
580 2194 658 2222 non
684 2190 932 2236 putaverunt.
962 2181 1071 2232 Quid
1095 2180 1137 2220 in
1156 2178 1278 2219 viris?
