1456 2396
158 89 213 127 58
483 91 743 143 ORATOR,
766 93 871 133 cu.
891 94 956 134 59.

161 196 236 236 sibi
264 207 430 249 censent,
463 202 579 240 verba
607 202 692 241 dico
722 210 759 242 et
786 201 1016 249 sententias3
1045 212 1166 252 eaque
1185 197 1283 237 dum

159 252 298 291 animis
338 255 491 295 attentis
515 256 747 296 admirantes
779 257 989 309 excipiunt,
1023 255 1124 306 fugit
1152 266 1215 314 eo?
1244 258 1283 290 et

159 308 399 357 praetervolat
416 322 601 350 numerus
616 325 629 359 ς
660 311 729 364 qui
747 319 876 351 tamen
896 311 928 351 si
945 312 1106 359 abesset,
1117 308 1186 348 illa
1199 318 1285 360 1psa

160 360 402 401 delectarent.

215 415 301 454 Nec
319 429 407 456 vero
425 417 568 458 nimius
586 419 619 459 is
643 433 775 460 cursus
794 428 850 459 est
869 417 1177 479 [numeror-amb
1197 428 1284 478 pra-

158 468 273 508 tionis
291 470 377 510 dico
396 474 505 516 (nam
523 481 579 513 est
596 475 710 526 longe
728 475 837 513 aliter
854 475 895 513 in
910 474 1112 522 versibus),
1127 470 1282 510 mhxlut

159 524 227 561 fiat
254 532 362 564 extra
389 527 575 568 modum:
616 541 709 567 nam
738 529 779 567 id
807 529 967 581 quidem
994 534 1090 567 esset
1111 528 1253 579 poema
1267 537 1280 562 ἕ

157 578 224 616 sed
248 579 388 630 omnis,
421 593 491 620 nec
517 583 747 633 claudicans,
775 597 846 622 nee
873 582 984 636 quasi
1009 582 1214 629 fluctuans,
1243 584 1283 616 et

158 633 356 684 aequaliter
373 643 664 690 constanterque
681 637 911 689 ingrediens,
934 648 1139 676 numerosa
1162 634 1281 672 habe-

158 693 222 724 tur
241 688 372 727 oratio.
400 693 536 742 Atque
554 692 594 730 ici
611 691 652 730 in
671 691 831 731 dicendo
842 703 1092 730 numerosum
1105 695 1279 741 putatur,

159 752 238 778 non
256 742 361 794 quod
379 750 504 784 totum
523 753 669 784 constat
687 760 708 785 e
726 746 910 795 numeris,
931 745 997 784 sed
1015 744 1120 797 quod
1138 742 1189 782 ad
1203 754 1281 781 nu-

160 806 286 834 meros
304 798 480 848 proxime
497 801 640 839 accedit
656 815 666 838 :
697 814 775 853 quo
793 801 910 839 etiam
922 799 1115 838 difficilius
1128 803 1185 837 est
1195 808 1280 835 ora-

158 849 261 888 tione
279 851 351 901 uti,
372 865 491 904 quam
516 855 711 902 versibus;
742 855 847 907 quod
872 854 950 894 inis
974 860 1077 894 oerta
1100 850 1281 905 quaedam

157 911 196 942 et
214 903 371 944 definita
383 907 447 946 lex
461 915 530 958 est,
544 923 664 961 quam
677 910 785 961 sequi
799 909 848 948 sit
860 921 1035 948 necesse:
1064 907 1107 947 in
1120 904 1282 945 dicendo

159 965 291 997 autem
309 960 407 999 nihil
426 970 481 1001 est
499 964 752 1015 propositum,
767 964 842 1003 nisi
860 971 928 1002 aut
945 975 994 1002 ne
1011 960 1280 1006 immoderata,

162 1019 230 1050 aut
244 1023 420 1065 angusta,
440 1025 508 1055 aut
532 1018 728 1066 dissoluta,
748 1026 814 1056 aut
830 1018 953 1057 fluens
971 1017 1021 1056 sit
1038 1022 1170 1056 orat10.
1199 1013 1283 1052 Ita·

157 1079 234 1117 que
245 1080 322 1107 non
333 1078 424 1108 sunt
433 1071 474 1109 in
482 1071 528 1110 eir
536 1079 735 1124 tamquam
744 1072 890 1112 tibicini
896 1071 1186 1124 percussionum
1196 1080 1283 1106 mo-

159 1120 214 1169 di,
226 1122 291 1160 sed
303 1123 479 1164 universa
491 1127 775 1179 comprehensio
787 1134 824 1166 et
836 1127 976 1179 species
987 1124 1166 1165 orationis
1177 1122 1283 1162 clau-

159 1188 203 1213 sa
213 1183 251 1214 et
263 1178 465 1218 terminata
479 1188 534 1219 est
551 1195 561 1218 ε
592 1181 696 1234 quod
707 1182 903 1234 voluptate
915 1180 1068 1220 aurium
1076 1178 1283 1230 judicatur·

213 1229 329 1269 LIX.
360 1233 464 1273 Solet
483 1242 613 1274 autem
633 1237 767 1287 quaeri,
788 1243 918 1275 totone
931 1235 971 1274 in
986 1234 1136 1273 ambitu
1147 1232 1283 1270 verbo-

159 1297 248 1322 rum
262 1288 415 1325 numeri
427 1289 580 1327 tenendi
593 1290 683 1337 sint,
699 1303 749 1328 an
763 1291 804 1328 in
818 1289 954 1342 primis
964 1288 1152 1342 partibus,
1167 1293 1288 1338 atque

160 1339 202 1376 in
222 1341 436 1381 extremis?
466 1343 646 1397 Plerique
666 1345 769 1383 enim
796 1352 948 1384 censent
973 1343 1105 1383 cadere
1129 1348 1284 1380 tantum

159 1405 361 1434 numerose
392 1404 578 1448 oportere,
613 1398 888 1451 terminarique
920 1397 1159 1438 sententiam.
1209 1394 1285 1433 Est

159 1456 305 1498 autem,
325 1457 370 1488 ut
388 1450 429 1488 id
446 1452 616 1490 maxime
635 1453 778 1502 deceat,
798 1465 875 1492 non
894 1452 936 1491 id
953 1453 1080 1492 solum
1096 1465 1108 1490 ι
1136 1461 1284 1502 ponen-

159 1502 233 1540 dus
262 1510 317 1541 est
336 1504 440 1543 enim
458 1505 523 1544 ille
541 1507 723 1557 ambitus,
745 1520 823 1546 non
841 1506 1087 1558 abjiciendus.
1099 1559 1108 1568 ο
1135 1504 1283 1553 Quare,

159 1569 250 1594 cum
279 1570 388 1597 aures
413 1568 629 1599 extremum
661 1575 812 1614 semper
837 1568 1070 1614 exspectent,
1097 1571 1139 1599 m
1161 1570 1284 1610 eoque

162 1610 417 1662 acquiescant,
438 1613 478 1652 id
497 1627 628 1654 vacare
653 1628 814 1655 numero
841 1629 920 1655 non
943 1621 1092 1667 oportet
1107 1628 1119 1652 ε
1149 1611 1216 1652 sed
1233 1611 1284 1649 ad

163 1665 268 1704 hunc
296 1666 443 1705 exitum
472 1676 601 1708 tamen
632 1683 655 1708 a
686 1670 874 1722 principio
898 1670 988 1709 ferri
1012 1669 1125 1708 debet
1149 1667 1285 1706 verbo-

163 1731 254 1757 rum
270 1719 339 1758 illa
357 1723 656 1773 comprehensio,
677 1733 714 1763 et
735 1732 816 1764 tota
833 1738 858 1764 a
873 1724 998 1777 capite
1015 1723 1070 1762 ita
1086 1722 1219 1768 fluere,
1238 1726 1285 1787 uf

164 1773 215 1811 ad
233 1781 450 1814 extremum
469 1777 623 1817 veniens
637 1779 720 1831 ipsa
738 1778 927 1819 consistat.
964 1777 1015 1819 Id
1032 1785 1163 1816 autern
1180 1776 1285 1814 bona

165 1827 369 1880 disciplina
401 1831 626 1881 exercitatis,
665 1834 733 1885 qui
762 1842 800 1873 et
828 1833 955 1872 multa
982 1830 1213 1884 scripserint,
1227 1834 1286 1890 'et

165 1895 421 1934 quaecumque
440 1885 556 1924 etiam
575 1886 655 1925 sine
669 1888 807 1940 scripto
821 1887 1002 1936 dicerent,
1014 1885 1156 1926 similia
1168 1896 1286 1945 scrip-

164 1943 294 1975 torum
312 1937 516 1989 effecerint,
536 1951 613 1978 non
634 1941 704 1979 erit
727 1941 1011 1981 difficillimum.
1054 1940 1163 1979 Ante
1181 1949 1286 1977 emm

166 1990 489 2031 circumscribitur
512 2002 641 2033 mente
659 1997 859 2046 sententia,
879 1995 1154 2047 confestimque
1171 1992 1289 2054 verba

165 2054 397 2085 concurrunt
409 2061 422 2094 ;
451 2061 540 2100 quae
556 2061 665 2088 mens
679 2050 825 2100 eadem,
839 2051 919 2103 qua
932 2050 1030 2088 nihil
1041 2057 1098 2088 est
1110 2048 1284 2093 celenus,

167 2099 297 2138 statim
328 2099 502 2151 dimittit,
541 2110 584 2141 ut
614 2117 683 2142 suo
712 2105 893 2157 quodque
921 2104 1004 2143 loco
1035 2100 1261 2155 respondeat
1273 2113 1286 2137 τ

166 2166 332 2204 quorum
351 2154 561 2208 descriptus
588 2157 681 2196 ordo
699 2159 793 2198 alias
811 2159 888 2198 alia
912 2157 1179 2218 terminatione
1197 2165 1287 2194 oon-

163 2207 356 2248 cluditur:
387 2217 502 2262 atque
520 2211 650 2250 omnia
667 2212 735 2251 illa
754 2220 790 2253 et
809 2213 935 2265 prima
961 2220 999 2253 et
1024 2210 1153 2251 media
1171 2209 1287 2250 verba
