1456 2396
297 122 381 163 AD
402 119 782 168 HERENNIUM,
799 119 896 159 LIB.
914 119 987 158 IV.
1005 118 1110 159 CAP.
1127 119 1165 156 2.
1211 118 1284 156 211

174 245 226 277 se,
247 243 323 270 non
342 231 537 270 ostendere
556 238 687 268 artem.
718 229 850 277 Quare
868 228 992 280 pudor
1016 229 1055 266 in
1081 226 1215 278 primis
1234 233 1289 265 est

172 286 222 324 ad
241 299 327 323 eam
344 297 427 323 rem
446 284 734 336 impedimento,
755 295 803 321 ne
822 295 890 321 nos
909 283 1006 321 solos
1024 284 1198 333 probare,
1219 292 1288 318 nos

172 352 314 387 amare,
335 339 428 377 alios
446 347 686 377 contemnere
704 346 742 376 et
765 337 947 385 deridere,
968 336 1177 374 videamur.
1216 333 1290 371 Et-

172 393 290 434 0111111,
303 406 394 432 cum
404 393 594 444 possimus
607 394 656 430 ab
671 391 801 430 Ennio
812 399 985 429 sumtum
997 397 1064 428 aut
1079 403 1101 428 a
1117 388 1290 427 Graccho

172 460 312 498 ponere
330 447 568 497 exemplum,
588 446 738 484 videtur
757 458 835 483 esse
846 445 1075 495 arrogantia,
1091 444 1157 481 illa
1176 442 1289 481 relin-

173 514 302 552 quere,
316 510 353 539 et
364 501 414 539 ὠ
432 513 501 539 5113
512 500 698 538 devenire.
729 500 917 537 Praeterea
931 499 1108 549 exempla
1122 497 1291 536 testimo-

169 555 323 593 niorum
340 555 470 594 locum
488 554 672 593 obtinent.
703 554 750 591 Id
771 553 887 599 enim,
909 552 1015 603 quod
1033 551 1288 594 admonuerit

170 616 209 647 et
226 609 357 648 leviter
382 609 511 648 fecerit
535 608 753 669 praeceptio,
773 607 964 658 exemplo,
996 606 1092 644 sicut
1121 606 1289 644 155111110-

171 663 249 712 1110,
266 665 545 714 comprobatur.
575 663 668 701 Non
686 662 804 713 igitur
821 661 1004 699 ridiculus
1023 660 1084 708 sit,
1101 659 1132 697 si
1146 659 1232 711 quis
1251 659 1291 697 in

171 717 239 755 lite
256 724 323 755 aut
341 717 381 754 in
397 717 556 766 judicio,
575 716 789 755 domesticis
809 714 1033 753 testimoniis
1052 722 1212 775 pugnet,
1231 713 1289 762 [et

172 771 232 809 sui
242 771 361 822 ipsius
373 773 553 809 abutatur
565 783 634 809 exe
635 783 675 808 m
676 771 788 822 pl.o]
779 772 796 795 ⁹
828 770 865 807 L
868 777 883 807 t
895 769 998 807 enim
1013 768 1289 813 testimonium,

172 825 224 863 sic
243 825 480 876 exemplum,
501 825 554 863 rei
572 824 842 864 confirmandae
861 837 974 861 causa
992 823 1168 861 sumitur.
1198 822 1292 860 Non

173 892 262 929 ergo
280 887 428 930 oportet
445 879 531 926 hoc,
551 879 624 916 nisi
643 892 666 917 a
683 878 949 939 probatissimo
968 877 1083 922 sumi,
1104 889 1166 924 ne,
1187 876 1291 928 quod

172 932 279 970 aliud
297 934 521 971 confirmare
539 932 687 978 debeat,
708 939 815 983 egeat
833 932 962 983 ipsum
981 930 1289 969 confirmationis.

172 987 331 1025 Etenim
355 1000 503 1025 necesse
528 994 598 1033 est,
625 994 692 1024 aut
718 999 757 1024 se
781 986 961 1024 omnibus
987 992 1233 1036 anteponant,
1254 993 1290 1023 et

172 1054 242 1079 5113
259 1041 430 1080 maxime
448 1043 624 1092 probent,
644 1048 712 1078 aut
737 1047 876 1091 negent
895 1039 1042 1091 optima
1061 1052 1140 1077 esse
1160 1052 1289 1077 exem-

171 1095 251 1146 pla,
271 1109 358 1157 quae
376 1108 400 1133 a
417 1095 692 1147 probatissimis
709 1094 921 1132 oratoribus
939 1101 1006 1131 aut
1024 1093 1146 1144 poe‘tis
1165 1101 1291 1131 sumta

173 1149 260 1187 sint.
290 1149 333 1187 Si
350 1163 390 1188 se
407 1149 586 1187 omnibus
605 1155 852 1200 anteponant,
866 1147 1098 1186 intolerabili
1112 1160 1291 1198 arrogan-

173 1203 228 1241 tia
246 1210 359 1241 511111.
389 1204 421 1241 51
439 1216 535 1255 quos
549 1202 622 1242 5ibi
638 1210 878 1254 praeponant,
898 1210 937 1241 et
962 1214 1094 1241 eorum
1114 1202 1291 1252 exempla

174 1257 253 1295 suis
271 1257 457 1309 exemplis
475 1270 553 1296 non
570 1264 708 1308 putent
732 1264 924 1308 praestare,
944 1269 1022 1295 non
1047 1264 1208 1307 possunt
1232 1256 1290 1293 di-

175 1324 273 1358 cere,
294 1325 412 1362 quare
429 1311 503 1349 sibi
519 1312 605 1349 11105
623 1318 868 1363 anteponant.

230 1365 288 1404 ΙΙ.
319 1365 455 1413 Quid
445 1366 562 1416 igitur
580 1365 664 1416 ipsa
681 1365 882 1403 auctoritas
907 1363 1181 1416 antiquorum?
1201 1377 1292 1402 nam

174 1432 264 1458 cum
284 1433 342 1458 res
360 1419 645 1471 probabiliores,
666 1426 751 1456 tum
770 1418 974 1456 hominum
993 1419 1119 1457 studia
1137 1419 1187 1457 ad
1204 1418 1293 1456 imi-

175 1474 337 1512 tandum
356 1474 537 1512 alacriora
550 1473 697 1511 reddit:
727 1473 848 1511 immo
864 1473 974 1524 erigit
992 1473 1168 1511 omnium
1187 1473 1294 1524 cupi-

175 1527 325 1574 ditates,
354 1535 392 1566 et
418 1528 521 1566 acuit
546 1527 788 1574 industriam,
820 1540 909 1565 cum
939 1540 1023 1577 spes
1052 1528 1192 1588 injecta
1223 1535 1293 1575 est,

175 1595 299 1633 posse,
318 1582 519 1630 imitando,
541 1581 706 1619 Gracchi
731 1588 797 1619 aut
824 1580 951 1619 Crassi
975 1581 1155 1632 consequi
1173 1580 1294 1623 facul-

176 1644 307 1675 tatem.
338 1636 536 1674 Postremo
554 1635 654 1674 hoc
643 1647 772 1686 lpsum
784 1643 839 1673 est
857 1647 1056 1673 summum
1075 1635 1294 1682 artificium,

177 1703 235 1729 res
254 1690 375 1729 varias
394 1698 431 1729 et
449 1690 644 1741 dispares'
635 1702 675 1727 m
687 1697 743 1728 tot
756 1689 997 1750 poematibus
1011 1697 1049 1727 et
1062 1689 1296 1728 orationibus

178 1757 339 1796 sparsaS,
369 1752 406 1783 et
434 1757 528 1795 vage
555 1743 742 1793 disjectas,
770 1744 825 1781 ita
851 1743 1052 1794 diligenter
1079 1743 1231 1794 eligere,
1252 1752 1295 1782 ut

178 1798 483 1850 unumquodque
501 1810 621 1849 genus
639 1798 906 1849 exemplorum
926 1799 997 1835 sub
1016 1797 1185 1848 singulos
1205 1798 1296 1835 artis

176 1853 280 1892 locos
299 1852 483 1902 subjicere
507 1853 638 1904 possis.
681 1852 768 1890 Hoc
794 1852 825 1889 si
851 1851 1039 1889 industria
1065 1852 1189 1890 solum
1215 1852 1295 1889 fieri

178 1914 318 1958 posset,
333 1914 462 1945 tamen
481 1919 647 1945 essemus
665 1906 862 1952 laudandi,
883 1917 973 1943 cum
991 1906 1109 1943 talem
1127 1906 1297 1943 laborem

181 1973 258 1999 non
276 1960 529 2012 fugissemus:
560 1973 663 1998 nunc
682 1961 762 1998 sine
781 1972 933 1998 summo
951 1959 1110 1997 artificio
1128 1972 1205 1997 non
1231 1972 1299 2010 po-

177 2022 255 2053 test
283 2015 377 2054 fieri.
413 2014 514 2061 Quis
540 2022 597 2054 est
625 2014 744 2062 enim,
776 2014 858 2066 qui,
890 2013 963 2051 nisi
995 2026 1145 2051 summe
1174 2022 1301 2051 teneat

178 2076 317 2115 artem,
346 2069 465 2120 possit
493 2081 552 2117 ea,
582 2082 670 2120 quae
696 2069 830 2118 jubeat
856 2081 931 2115 ars,
959 2067 1006 2105 de
1032 2068 1139 2105 tanta
1165 2076 1201 2105 et
1220 2075 1299 2105 13111

178 2122 321 2161 diffusa
339 2123 524 2174 scriptura
537 2130 669 2161 notare
687 2131 723 2161 et
743 2124 945 2174 separare?
975 2121 1126 2169 Caeteri,
1143 2133 1232 2159 cum
1247 2121 1299 2158 le-

179 2185 280 2228 gunt
298 2177 485 2215 orationes
501 2178 621 2215 bonas
640 2183 706 2214 aut
730 2177 919 2228 poemata,
942 2177 1104 2227 probant
1123 2182 1300 2218 oratores,

178 2240 220 2270 et
239 2233 398 2284 poetam
425 2243 553 2283 neque
575 2230 811 2283 intelligunt,
840 2231 917 2282 qua
943 2242 983 2269 re
1010 2229 1191 2269 commoti
1216 2242 1302 2280 pro-
