1466 2458
218 111 276 149 24
535 100 813 161 ORATOR,
835 111 941 151 cn.
956 113 1021 151 26.

218 219 445 259 convenient
463 219 580 260 etiam
597 221 690 261 huic
708 221 910 260 tenuitati:
942 233 1185 274 quamquam
1209 221 1345 262 iisdem

218 275 453 314 ornamentis
470 283 601 315 utetur
617 276 832 315 horridius:
863 276 980 314 talem
992 276 1096 314 enim
1110 275 1343 316 inducimus.

217 327 390 368 Accedet
419 330 517 369 actio
545 343 624 368 non
653 331 810 382 tragica,
837 343 908 368 nec
935 343 1070 378 scenae,
1097 329 1164 368 sed
1189 331 1343 370 modica

217 382 424 431 jactatione
449 385 630 437 corporiS‚
659 386 769 424 vultu
798 392 928 423 tamen
960 385 1087 422 multa
1115 385 1341 424 conficiens:

221 448 300 475 non
318 438 405 500 hoc,
422 452 500 491 quo
519 439 700 478 dicuntur
717 452 758 478 os
778 438 929 486 ducere,
943 439 1009 477 sed
1026 439 1108 487 illo,
1129 452 1208 491 quo
1226 440 1344 492 signi-

221 491 368 531 ficant
358 505 537 545 mgenue,
558 507 636 547 quo
655 507 765 532 sensu
786 493 957 555 quidque
975 494 1235 544 pronuntient.

276 546 440 586 XXVI.
470 548 577 587 Huic
595 549 725 600 generi
744 548 923 587 orationis
937 548 1213 600 adspergentur
1225 548 1342 588 etiam

218 600 329 651 sales,
350 602 418 654 qui
437 602 477 640 in
493 602 652 642 dicendo
671 603 837 641 nimium
857 610 1048 655 quantum
1067 603 1222 641 valent:
1244 617 1343 655 quo-

218 668 308 693 rum
327 656 404 695 duo
422 670 562 708 genera
580 664 683 705 sunt,
700 670 825 695 unum
840 657 1078 705 facetiarum,
1099 657 1264 696 alterum
1282 658 1343 696 di-

217 709 398 749 cacitatis.
441 711 582 750 Utetur
610 720 802 764 utroque,
790 726 800 735 ·
839 711 904 750 sed
932 711 1053 750 altero
1081 711 1122 749 in
1151 712 1344 752 narrando

219 764 368 816 aliquid
386 774 558 815 venuste,
589 767 708 805 altero
737 767 776 805 in
805 766 981 816 jaciendo
1006 765 1272 818 mittendoque
1289 767 1344 806 τὶ*

219 819 373 858 diculo:
404 822 515 871 cujus
551 833 691 873 genera
719 822 833 874 plura
863 828 976 859 sunt:
1006 820 1073 859 sed
1101 833 1206 860 nunc
1236 821 1344 860 aliud

220 873 386 925 agimus.

275 929 384 967 Illud
402 929 654 969 admonemus
673 938 816 977 tamen,
833 929 995 969 ridiculo
1009 930 1063 969 sic
1079 943 1244 969 usurum
1257 943 1343 970 ora-

218 990 357 1032 torem,
377 992 422 1022 ut
447 997 517 1024 nec
542 985 658 1024 nimis
686 986 893 1037 frequenti,
913 998 962 1024 ne
989 985 1146 1024 scurrile
1170 985 1244 1031 sitg
1272 998 1344 1026 nec

220 1039 483 1101 subobscoeno,
503 1052 552 1078 ne
570 1040 800 1086 mimicum3
830 1052 899 1078 nec
918 1039 1121 1092 petulanti,
1135 1051 1185 1078 ne
1198 1039 1343 1092 impro-

218 1094 342 1139 bum;
371 1105 442 1133 nec
459 1094 501 1132 in
520 1095 791 1143 calamitatem,
812 1107 862 1133 ne
886 1094 1172 1140 inhumanum3
1201 1106 1271 1133 nec
1298 1095 1340 1134 in

216 1146 380 1197 facinus,
401 1161 451 1187 ne
469 1149 547 1187 odii
566 1149 695 1187 locum
714 1150 812 1188 risus
831 1156 1015 1201 occupet·
1002 1177 1016 1195 ‚
1044 1161 1172 1200 neque
1183 1156 1252 1188 aut
1269 1150 1342 1188 sua

217 1203 396 1254 persona,
426 1211 494 1242 aut
517 1203 709 1253 judicum,
738 1213 806 1242 aut
833 1212 1004 1255 tempore
1030 1203 1229 1242 alienum:
1257 1203 1340 1244 haec

218 1257 323 1295 enim
342 1257 392 1296 ad
410 1257 508 1296 illud
526 1258 749 1297 indecorum
774 1258 1003 1296 referuntur.
1042 1257 1195 1296 vitabit
1218 1258 1335 1297 ctiam

215 1312 391 1363 quaesita,
412 1325 482 1351 nec
501 1325 549 1350 ex
568 1320 740 1364 tempore
757 1313 859 1360 ficta,
880 1312 946 1352 sed
964 1312 1080 1351 domo
1098 1313 1228 1374 allata,
1248 1326 1338 1365 quae

215 1366 447 1418 plerumque
464 1374 554 1405 sunt
572 1367 723 1419 frigida.
760 1367 895 1406 Parcet
923 1374 960 1406 et
984 1367 1175 1414 amicitiis,
1195 1375 1233 1405 et
1250 1368 1336 1419 dig-

214 1421 424 1460 nitatibus:
455 1421 590 1460 vitabit
611 1422 840 1461 insanabiles
859 1421 1133 1460 contumelias:
1162 1427 1335 1460 tannim-

218 1476 335 1515 modo
360 1475 592 1514 adversarios
617 1477 722 1528 figet,
743 1489 813 1516 nec
837 1489 900 1515 eos
925 1484 1054 1514 tamen
1079 1488 1241 1527 semper,
1266 1488 1337 1516 nec

215 1542 364 1579 omnes,
384 1542 454 1569 nec
472 1531 579 1568 omni
597 1531 713 1570 modo
725 1546 737 1569 ε
768 1531 909 1583 quibus
928 1530 1108 1582 exceptis,
1129 1530 1182 1569 sic
1205 1537 1336 1569 utetur

215 1585 294 1623 sale
320 1592 358 1623 et
381 1584 539 1632 facetiis,
568 1593 614 1623 ut
640 1599 711 1637 ego
738 1599 786 1624 ex
814 1586 896 1625 istis
921 1585 1029 1624 novis
1051 1584 1192 1623 Atticis
1218 1585 1335 1624 talem

201 1639 459 1691 ·cognoverim
478 1639 687 1691 neminem,
708 1653 798 1679 cum
822 1640 864 1679 id
888 1647 989 1680 certe
1011 1639 1060 1678 sit
1077 1639 1138 1678 vel
1162 1639 1336 1679 maxime

216 1694 410 1732 Atticum.

270 1748 386 1787 Hanc
413 1761 483 1800 ego
507 1749 638 1800 judico
666 1750 833 1790 formam
859 1749 1039 1789 submissi
1065 1747 1236 1798 oratoris,
1265 1749 1333 1789 sed

214 1803 350 1855 magni
375 1810 520 1852 tamen,
550 1813 588 1843 et
613 1805 786 1856 germani
813 1805 964 1850 Attici;
994 1803 1190 1856 quoniam,
1220 1804 1334 1855 quid-

215 1858 312 1910 quid
326 1865 382 1896 est
400 1859 559 1907 salsum,
579 1867 647 1897 aut
665 1861 815 1898 salubre
829 1860 869 1897 in
880 1859 1062 1906 oratione,
1077 1857 1117 1896 id
1134 1858 1333 1910 proprium

215 1913 439 1951 Atticorum
458 1920 538 1951 est:
569 1926 590 1951 e
614 1914 756 1965 quibus
781 1922 911 1952 tamen
938 1926 1016 1952 non
1040 1925 1171 1951 omnes
1195 1912 1331 1951 faceti:

215 1966 354 2018 Lysias
373 1967 477 2015 satis,
498 1975 536 2006 et
556 1967 787 2019 Hyperides,
809 1968 1004 2007 Demades
1028 1974 1164 2020 praeter
1180 1974 1336 2006 caeteros

215 2020 350 2060 fertur.
390 2021 670 2060 Demosthenes
696 2023 826 2061 minus
853 2023 1045 2068 habetur3
1074 2034 1150 2073 quo
1177 2021 1334 2072 quidem

214 2075 314 2114 mihi
332 2076 430 2114 nihil
449 2076 599 2115 videtur
612 2077 820 2116 urbanius:
851 2077 918 2116 sed
931 2090 1008 2115 non
1023 2084 1104 2114 tam
1117 2075 1227 2114 dicax
1241 2074 1331 2122 fuit,

215 2143 336 2182 quam
354 2130 511 2169 facetus.
541 2130 613 2169 Est
630 2139 761 2170 autem
786 2131 886 2170 inud
909 2130 1061 2170 acrioris
1078 2129 1236 2182 ingenii,
1261 2129 1335 2168 hoc

217 2185 373 2234 majoris
389 2186 492 2224 artis.

273 2239 440 2280 Uberius
464 2246 521 2281 est
547 2240 667 2290 aliud,
695 2241 968 2294 aliquantoque
994 2240 1198 2286 robustius,
1219 2251 1339 2290 quam
