1456 2396
283 65 365 107 DE
391 65 646 116 FINIBUS,
668 66 771 108 Lm.
788 66 824 107 1.
845 66 953 108 CAP.
966 69 1034 108 20.
1132 69 1215 115 373

0 199 1 239 ᾗ
71 174 272 226 orationis,
302 184 341 217 et
369 177 686 230 consequentium
715 176 1066 230 repugnantiumve
1097 179 1211 227 ratio,

0 246 1 278 ι
72 241 199 287 potest
223 232 413 284 perspici:
457 232 635 271 omnium
665 239 796 271 autem
826 245 956 271 rerum
983 234 1122 272 natura
1149 247 1212 273 co-

0 285 1 292 ’
68 288 197 341 gnita,
209 287 385 327 levamur
396 286 663 338 superstitione
677 301 689 332 ς
705 287 918 326 liberamur
928 287 1062 326 mortis
1074 297 1181 327 metu
1196 303 1210 335 ς

0 355 20 389 ’,
70 355 150 383 non
168 343 446 382 conturbamur
462 341 700 392 ignoratione
720 355 863 391 rerum,
885 355 906 380 e
920 342 999 395 qua
1018 343 1103 394 ipsa
1121 343 1212 382 hor-

69 397 202 438 ribiles
229 397 418 436 exsistunt
455 409 556 448 saepe
588 395 826 436 formidines.
876 397 1059 449 Denique
1092 398 1210 437 etiam

69 452 211 492 morati
229 451 369 490 melius
388 451 546 498 erimuS‚
566 464 657 490 cum
677 451 939 499 didicerimus,
960 466 1049 504 quae
1070 461 1211 491 natura

67 507 271 548 desideret.
310 506 419 544 Tum
449 519 553 552 vero,
588 505 620 544 si
649 506 825 545 stabilem
856 506 1054 545 scientiam
1079 520 1210 546 rerum

64 562 302 609 tenebimus,
333 561 482 600 servata
514 561 583 599 ina
610 563 716 613 (quae
742 560 852 613 quasi
875 561 1031 613 delapsa
1048 561 1098 600 de
1116 563 1210 601 coelo

62 626 127 658 eet
146 617 197 656 ad
213 616 472 669 cognitionem
490 616 686 663 omnium)
703 616 851 667 regula,
869 616 918 654 ad
938 630 1058 668 quam
1077 617 1210 656 omnia

63 673 213 726 judicia
237 683 368 710 rerum
390 670 622 722 dirigantur,
647 682 866 722 nunquam,
894 671 1012 709 ullius
1038 672 1210 711 oratione

64 728 173 776 victi,
194 726 383 766 sententia
401 725 639 764 desistemus.
670 725 761 764 Nisi
780 733 911 764 autem
926 738 1055 764 rerum
1071 735 1211 765 natura

275 782 361 828 erit,
377 781 487 819 nullo
501 780 618 819 modo
632 780 845 833 poterimus
864 793 1046 819 sensuum
1064 781 1211 831 judicia

64 837 282 878 defendere.
312 835 520 888 Quidquid
537 848 652 888 porro
670 835 801 874 animo
816 835 1022 881 cernimus,
1040 836 1079 874 id
1091 849 1208 875 omne

59 894 191 933 oritur
209 905 233 930 a
251 892 439 938 sensibus,
457 890 525 943 qui
544 891 575 929 si
594 903 728 929 omnes
747 890 826 928 veri
841 899 953 928 erunt
967 896 1027 933 (ut
1044 889 1206 943 Epicuri

56 948 166 988 Tatio
183 947 326 995 docet),
347 954 432 984 tum
451 945 619 997 denique
637 945 777 997 poterit
800 945 948 997 aliquid
967 946 1143 996 cognosci
1169 955 1206 985 et

66 1002 224 1057 percipi.
286 1001 399 1050 Quos
429 1000 497 1053 qui
527 1001 683 1047 tollunt,
719 1008 757 1038 et
788 1000 887 1038 nihil
919 1013 1029 1052 posse
1061 1000 1206 1053 percipi

56 1059 217 1106 dicunt,
237 1057 280 1106 ii,
300 1055 456 1095 remotis
474 1055 662 1102 sensibus,
683 1067 733 1093 ne
751 1055 791 1093 id
810 1055 940 1107 ipsum
960 1054 1119 1107 quidem
1140 1069 1207 1094 ex-

61 1114 199 1167 pedire
227 1119 403 1165 possunt,
433 1110 539 1164 quod
566 1110 770 1149 disserunt.
821 1110 1024 1155 Praeterea,
1053 1110 1205 1149 sublata

66 1167 284 1222 cognitione
303 1175 341 1206 et
359 1165 530 1214 scientia,
551 1165 700 1204 tollitur
717 1165 844 1204 omnis
862 1165 959 1204 ratio
979 1174 1016 1203 et
1035 1165 1124 1204 vitae
1139 1165 1205 1204 de-

65 1224 217 1277 gendae,
238 1229 276 1260 et
294 1234 424 1260 rerum
450 1220 718 1272 gerendarum.
762 1221 826 1259 Sic
844 1233 865 1259 e
884 1219 1052 1272 physicis
1070 1228 1107 1259 et
1128 1220 1204 1259 for-

65 1279 192 1319 titudo
211 1277 379 1316 sumitur
395 1284 528 1315 contra
544 1275 679 1314 mortis
699 1276 903 1320 timorem3
935 1285 972 1314 et
992 1276 1205 1314 constantia

65 1342 200 1374 contra
216 1340 367 1372 metum
386 1331 607 1383 religionis;
638 1339 675 1369 et
694 1330 838 1369 sedatio
864 1330 999 1376 animi,
1024 1330 1202 1369 omnium

65 1402 196 1429 rerum
211 1388 449 1428 occultarum
463 1386 704 1438 ignoratione
719 1386 870 1424 sublata
887 1399 900 1431 ;
922 1393 957 1424 et
972 1385 1202 1431 moderatio,

54 1444 204 1484 'natura
222 1442 495 1495 cupiditatum,
511 1441 793 1493 generibusque
811 1453 960 1486 earum,
976 1440 1202 1492 explicatis;

65 1507 104 1540 et
124 1502 186 1544 (ut
205 1497 323 1536 modo
341 1496 473 1544 docui)
493 1495 721 1548 cognitionis
739 1496 888 1547 regula,
916 1504 954 1534 et
977 1494 1126 1545 judicio
1155 1497 1205 1534 ab

50 1554 198 1596 ‘eadem
217 1551 526 1598 illa-constituto,
546 1551 626 1589 veri
641 1564 664 1589 a
682 1550 779 1589 falso
797 1550 990 1589 distinctio
1010 1549 1187 1589 traditur.

118 1609 218 1648 XX.
260 1608 398 1647 Restat
419 1606 541 1654 locus,
571 1605 663 1644 huic
681 1605 934 1658 disputationi
952 1605 1013 1644 vel
1030 1605 1205 1644 maxime

52 1663 309 1711 nemrim,
329 1661 377 1700 de
391 1661 576 1707 amicitia,
596 1674 732 1713 quam,
753 1660 785 1699 si
803 1661 981 1713 voluptas
1000 1673 1202 1699 summum

62 1720 112 1760 sit
137 1722 300 1766 bonum,
330 1716 530 1756 affirmatis
558 1716 709 1754 nullam
737 1715 897 1754 omnino
919 1715 1024 1754 fore:
1056 1714 1104 1754 de
1122 1716 1202 1768 qu&

61 1775 258 1828 Epicurus
276 1772 436 1825 quidem
455 1771 509 1810 ita
526 1771 646 1810 dicit:
679 1774 708 1795 “
729 1770 907 1810 omnium
932 1783 1077 1815 rerum,
1105 1784 1203 1822 quas

62 1830 113 1870 ad
129 1831 241 1869 beate
259 1827 469 1867 vivendum
485 1826 673 1879 sapientia
691 1825 984 1878 comparaverit,
1005 1825 1104 1863 nihil
1123 1838 1204 1864 aese

60 1885 191 1936 majus
209 1882 393 1930 amicitia,
409 1882 508 1920 nihil
527 1881 697 1928 uberius,
718 1881 817 1919 nihil
832 1880 1087 1931 jucundius.''
1119 1880 1203 1918 Ne-

60 1953 139 1993 que
164 1951 253 1977 vero
276 1937 351 1976 hoc
372 1937 544 1976 oratione
570 1936 712 1982 solum,
733 1936 799 1975 sed
821 1936 949 1974 multo
974 1935 1099 1987 magis
1122 1935 1203 1973 vit&⁴

59 2003 100 2035 et
116 1993 226 2033 factis
245 2000 282 2032 et
299 1992 488 2039 moribus,
508 1992 784 2043 comprobavit.
816 1991 936 2039 Quod
951 2003 1071 2042 quam
1091 2002 1203 2041 mag-

60 2055 160 2090 num
179 2049 242 2096 sit,
262 2047 362 2086 fictae
380 2054 553 2086 veterum
572 2046 717 2085 fabulae
736 2045 930 2084 declarant
947 2058 959 2088 ς
990 2045 1029 2082 in
1057 2044 1202 2096 quibus

60 2116 144 2148 tam
162 2103 312 2149 multis,
333 2109 492 2154 tamque
511 2101 639 2150 variis,
661 2103 710 2140 ab
730 2100 870 2139 ultima
890 2100 1121 2152 antiquitate
1144 2112 1203 2138 re-

58 2159 204 2216 petitis,
230 2157 304 2197 tria
331 2156 398 2195 vix
423 2156 638 2195 amicorum
659 2156 768 2209 paria
796 2155 1055 2207 reperiuntur,
1084 2163 1127 2193 ut
1154 2154 1204 2192 ad

56 2217 238 2259 Orestem
267 2211 480 2265 pervenias,
508 2211 702 2264 profectus
735 2224 758 2250 a
789 2210 956 2250 Theseo.
1018 2210 1077 2248 At
1111 2222 1202 2248 vero

110 2270 302 2315 (Philo-5.)
323 2278 430 2307 vm..
453 2277 506 2307 ιι.
783 2267 809 2303 2
833 2276 860 2304 x
