1456 2396
267 101 346 143 DE
375 103 625 156 FINIBUS,
654 105 755 145 Lm.
776 104 836 145 ΙΙ.
857 104 964 145 ΟΑΡ.
979 105 1045 150 27.
1140 105 1216 143 411

101 212 277 262 granaria
291 215 310 252 ἒ
350 213 486 265 collige
514 214 658 263 omnia,
673 205 680 215 ’
695 228 782 267 quae
811 214 950 253 soletis.
990 212 1222 252 Praesidium

101 266 314 304 amicorum
331 269 349 306 Ρ
379 269 478 307 Satis
497 276 552 306 est
567 269 637 307 tibi
655 270 696 307 in
714 277 765 317 te,
781 269 870 307 satis
889 269 930 306 in
947 269 1112 319 legibus,
1133 267 1223 306 satis

103 327 142 358 et
159 319 200 357 in
218 321 472 360 mediocribus
491 323 682 371 amicitiis,
702 323 871 375 praesidii
888 337 898 361 z
926 324 1010 373 jam
1029 321 1223 361 contemni

100 385 180 412 non
196 375 361 426 poteris:
391 376 525 415 odium
544 384 673 415 autem
689 385 725 416 et
735 377 920 416 invidiam
934 377 1044 415 facile
1055 376 1192 414 vitabis
1211 389 1222 414 ε

102 427 154 466 ad
182 441 245 468 eas
274 429 377 469 enim
409 444 468 469 res
497 433 546 470 ab
575 431 746 482 Epicuro
772 438 962 483 praecepta
987 431 1139 469 dantur.
1168 430 1225 468 Et

101 488 233 522 tamen
268 484 384 524 tantis
415 484 664 536 vectigalibus
705 485 754 524 ad
791 486 1059 524 liberalitatem
1095 492 1223 532 utens,

101 536 218 575 etiam
237 538 318 577 sine
335 539 407 578 hac
427 538 598 591 Pyladea
616 539 799 588 amicitia,
818 540 1032 578 multorum
1051 546 1089 577 te
1107 540 1226 577 bene-

100 591 268 631 volentia
285 594 465 645 praeclare
490 601 527 632 et
545 595 713 642 tuebere,
735 603 772 632 et
795 594 959 633 munies.
989 594 1045 631 At
1064 594 1226 645 quicum

98 646 199 695 joca,
220 648 330 697 seria,
352 650 413 692 (ut
431 648 587 697 dicitur)
616 649 777 700 quicum
798 661 948 697 arcana,
970 650 1132 700 quicum
1160 660 1225 686 oc-

101 700 206 738 culta
234 702 396 742 omnia?
426 702 578 741 Tecum
609 703 778 755 optime:
815 703 952 741 deinde
986 702 1102 740 etiam
1135 714 1226 740 cum

103 754 287 794 mediocri
305 756 444 796 amico.
471 757 548 796 Sed
572 757 633 796 fac
650 757 724 795 ista
743 770 821 795 esse
841 770 918 796 non
937 758 1224 808 inopportuna;

102 808 200 860 quid
218 810 268 848 ad
285 811 490 850 utilitatem
521 818 639 850 tantae
659 811 833 863 pecuniae
851 814 868 850 Ρ
898 810 1019 849 Vides
1038 810 1169 862 igitur,
1196 809 1228 848 si

102 863 311 902 amicitiam
324 866 394 904 sua
408 865 562 905 caritate
572 866 744 915 metiare,
758 866 856 903 nihil
869 878 946 904 esse
959 864 1201 917 praestantius
1215 878 1226 902 τ

103 917 163 956 sin
194 920 472 969 emolumento,
500 933 673 959 summas
694 920 973 958 familiaritates
997 919 1231 970 praediorum

102 972 357 1024 pretiosorum
370 974 543 1014 mercede
555 975 735 1027 superari.
766 974 838 1013 Me
852 974 970 1025 igitur
983 973 1112 1025 ipsum
1128 986 1232 1011 ames

104 1035 267 1079 oportet,
287 1041 364 1067 non
383 1042 485 1077 mea,
506 1029 538 1068 si
557 1030 637 1068 veri
656 1029 772 1068 amici
789 1029 911 1067 futuri
931 1041 1076 1067 sumus.

158 1082 346 1122 XXVII.
377 1084 453 1123 Sed
471 1083 513 1122 in
536 1086 650 1123 rebus
670 1083 917 1136 apertissimis
940 1082 1107 1120 nimium
1127 1081 1233 1133 longi

105 1148 255 1176 sumus.
284 1138 458 1177 Perfecto
477 1138 581 1177 enim
601 1145 638 1177 et
657 1139 850 1186 concluso,
870 1150 996 1189 neque
1027 1136 1234 1174 virtutibus

105 1202 232 1242 neque
263 1192 442 1231 amicitiis
464 1206 627 1245 usquam
650 1194 780 1231 locum
804 1205 898 1241 esse,
920 1192 951 1230 si
979 1191 1028 1230 ad
1058 1191 1236 1242 volupta-

107 1251 187 1283 tem
216 1246 347 1285 omnia
378 1247 621 1294 referantur;
658 1247 757 1285 nihil
789 1254 971 1298 praeterea
1002 1257 1235 1296 magnopere

107 1299 325 1339 dicendum.
354 1302 559 1351 Attamen,
581 1314 630 1340 ne
655 1302 717 1341 cui
743 1302 827 1340 loco
859 1313 937 1339 non
966 1299 1139 1338 videatur
1158 1313 1236 1337 esse

106 1366 348 1406 responsum,
381 1369 505 1408 pauca
534 1356 651 1395 etiam
679 1369 784 1395 nunc
814 1355 940 1394 dicam
965 1354 1015 1393 ad
1046 1354 1234 1405 reliquam

107 1409 318 1448 orationem
337 1417 458 1449 tuam.

164 1463 362 1512 Quoniam
391 1465 510 1517 igitur
548 1465 674 1504 omnis
708 1477 862 1504 summa
897 1462 1150 1516 philosophiae
1186 1461 1237 1500 ad

108 1518 219 1556 beate
236 1518 445 1557 vivendum
463 1520 639 1568 refertur,
655 1519 772 1571 idque
784 1532 909 1557 unum
929 1525 1148 1569 expetentes
1166 1517 1238 1555 ho-

109 1572 234 1612 mines
253 1585 293 1611 se
318 1574 367 1612 ad
385 1574 458 1612 hoc
482 1574 654 1613 studium
679 1575 949 1619 contulerunt3
979 1574 1088 1610 beate
1108 1578 1239 1609 autem

110 1626 237 1666 vivere
249 1628 314 1665 alii
325 1629 366 1665 in
386 1628 476 1677 alio,
490 1642 555 1667 vos
574 1630 615 1666 in
635 1629 830 1680 voluptate
849 1627 1006 1679 ponitis,
1025 1626 1134 1673 item,
1150 1637 1240 1664 con-

110 1687 184 1731 tra,
212 1694 368 1720 omnem
391 1683 654 1722 infelicitatem
679 1683 720 1721 in
740 1683 894 1728 dolore3
924 1681 965 1719 id
990 1680 1162 1733 primum
1184 1680 1241 1717 vi-

110 1735 284 1787 deamus,
311 1739 422 1776 beate
447 1737 573 1777 vivere
602 1744 772 1776 vestrum
792 1737 907 1788 quale
926 1735 986 1774 sit.
1016 1735 1150 1786 Atque
1168 1734 1241 1772 hoc

111 1790 266 1839 dabitis,
285 1799 330 1830 ut
349 1792 498 1844 opinor,
528 1792 560 1830 si
578 1791 694 1830 modo
714 1792 762 1830 sit
785 1790 947 1842 aliquid,
969 1803 1048 1828 esse
1067 1791 1240 1836 beatum,

109 1843 151 1882 id
169 1853 340 1896 oportere
363 1854 490 1886 totum
509 1846 602 1898 poni
629 1846 671 1884 in
690 1852 877 1898 potestate
896 1844 1102 1896 sapientis:
1133 1855 1240 1889 nam,

111 1898 143 1936 si
155 1899 282 1937 amitti
295 1900 374 1939 vita
384 1901 495 1939 beata
508 1907 646 1952 potest,
665 1902 777 1939 beata
796 1913 874 1939 esse
893 1912 971 1937 non
983 1905 1119 1950 potest.
1142 1896 1244 1944 Quis

111 1953 215 1991 enim
235 1953 392 1993 confidit
412 1968 561 2007 semper
576 1955 648 1994 sibi
668 1955 770 1994 illud
786 1953 921 1994 stabile
936 1962 973 1992 et
986 1953 1144 1991 firmum
1156 1964 1244 2002 per-

112 2019 357 2057 mansurum,
385 2010 490 2061 quod
511 2010 650 2060 fragile
675 2018 713 2048 et
737 2009 927 2048 caducum
950 2008 1032 2046 sit?
1063 2005 1146 2054 Qui
1174 2018 1244 2043 au-

111 2068 191 2100 tem
223 2062 370 2102 diffidet
398 2064 648 2116 perpetuitati
680 2066 873 2103 bonorum
904 2074 1078 2108 suorum,
1110 2060 1245 2097 timeat

111 2128 261 2155 necesse
295 2124 366 2166 est,
399 2130 449 2156 ne
481 2118 708 2170 aliquando,
737 2117 886 2156 amissis
915 2116 1006 2165 illis,
1039 2115 1087 2153 sit
1116 2114 1246 2152 miser.

111 2170 258 2210 Beatus
276 2178 407 2212 autem
426 2184 505 2213 esse
530 2172 572 2211 in
592 2173 856 2212 maximarum
875 2183 1005 2210 rerum
1023 2169 1160 2208 timore
1178 2180 1246 2206 ne-

112 2237 180 2264 mo
199 2232 339 2278 potest.
