1456 2396
146 107 226 148 216
267 105 350 147 AD
372 104 754 153 HERENNIUM,
771 104 870 145 Lm.
889 103 964 145 IV.
981 104 1090 146 CAP.
1102 107 1140 152 7.

145 222 293 266 centur,
314 217 363 257 ab
381 215 466 254 aliis
484 222 674 267 quaerunt.
703 214 760 263 Si,
776 214 843 267 qui
863 227 902 253 se
916 213 1038 254 fontoe
1056 214 1263 264 maximos,

145 271 299 322 penitus
323 270 575 320 absconditos,
601 269 792 323 aperuisse
818 269 933 317 dicat,
960 277 999 308 et
1022 269 1108 317 hoc,
1135 270 1265 309 sitiens

145 337 265 376 quam
294 324 479 374 maxime,
509 324 704 377 loquatur,
731 336 857 376 neque
882 323 1036 370 habeat,
1064 325 1135 376 qui
1160 324 1264 363 sitim

145 377 264 428 sedet,
284 391 363 418 non
390 378 559 418 rideatur
574 381 592 418 Ρ
623 378 708 427 Isti,
732 391 822 417 cum
847 389 924 416 non
949 377 1066 416 modo
1089 378 1266 417 dominos

147 446 187 472 se
202 432 383 481 fontium,
400 433 465 472 sed
477 445 516 472 se
529 433 630 485 ipsos
641 433 778 480 fontes,
791 444 869 471 esse
883 431 1026 480 dicant,
1041 440 1079 471 et
1089 433 1265 471 omnium

146 487 269 539 rigare
294 487 458 526 debeant
478 488 644 539 ingenia,
672 500 748 526 non
775 494 913 539 putant
938 486 1020 525 fore
1043 486 1266 534 ridiculum,

145 541 193 589 si,
215 554 304 580 cum
322 541 363 580 id
388 542 639 594 polliceantur
664 541 761 589 aliis,
793 548 963 580 arescant
989 540 1063 592 ipsi
1088 541 1265 580 siccitate.

116 640 118 643 ¹
146 595 291 635 Chares
309 609 334 634 a
352 596 524 648 Lysippo
549 604 692 635 statuas
717 595 839 634 facere
863 607 941 634 non
968 594 1041 634 isto
1065 595 1182 633 modo
1207 595 1267 633 di-

146 649 252 697 dicit,
273 657 317 689 ut
336 650 529 703 Lysippus
544 658 659 702 caput
677 650 889 688 ostenderet
903 649 1097 700 Myronis,
1112 649 1268 688 brachia

148 703 366 753 Praxitelis,
386 712 517 756 pectus
538 705 751 757 Polycleti:
783 703 848 743 sed
874 703 1006 742 omnia
1030 716 1158 742 eoram
1183 716 1266 742 ma-

145 758 309 810 gistrum
323 758 522 798 facientem
543 760 694 798 videbat
708 773 720 805 3
751 767 974 798 caeterorum
993 771 1109 811 opera
1123 758 1183 798 vel
1197 758 1268 798 sua

147 814 283 865 sponte
301 813 535 853 considerare
554 821 712 865 poterat.

203 867 302 906 VII.
334 868 403 906 Isti
434 868 608 917 credunt,
640 881 717 915 eos,
749 867 817 919 qui
847 867 928 906 haec
961 867 1082 906 velint
1110 866 1267 915 discere,

146 921 223 960 alia
246 922 391 961 ratione
415 922 539 961 doceri
564 936 672 974 posse
696 922 947 961 commodius.
990 922 1193 969 Praeterea,
1220 935 1269 960 ne

146 984 307 1027 possunt
325 976 482 1028 quidem
502 990 559 1024 ea,
581 990 668 1029 quae
687 984 894 1015 sumuntur
911 977 961 1015 ab
975 976 1060 1014 aliis
1074 977 1268 1028 exempla,

146 1037 227 1068 tam
258 1043 359 1069 esse
367 1031 652 1069 accommodata
680 1031 729 1069 ad
762 1038 898 1077 artem,
932 1043 1051 1082 quam
1085 1030 1267 1092 propria;

146 1092 346 1136 propterea
372 1085 490 1136 quod,
518 1086 558 1123 in
578 1085 751 1133 dicendo,
772 1085 904 1123 leviter
930 1085 1195 1137 unusquisque
1213 1085 1269 1123 lo-

145 1151 214 1177 cus
231 1140 460 1190 plerumque
479 1139 662 1190 tangitur,
683 1152 732 1178 ne
749 1153 809 1177 ars
835 1147 1042 1191 appareat3
1072 1139 1111 1177 in
1137 1140 1270 1191 praeci-

146 1193 301 1244 piendo,
322 1206 496 1255 expresse
515 1194 726 1245 conscripta
750 1205 891 1246 ponere
909 1201 1058 1245 oportet
1075 1194 1269 1256 exempla,

146 1254 191 1285 ut
209 1247 249 1285 in
269 1248 359 1286 artis
377 1248 544 1288 formam
563 1249 762 1287 convenire
781 1248 951 1300 possint;
981 1256 1019 1287 et
1037 1256 1136 1299 post,
1151 1248 1192 1286 in
1211 1249 1271 1287 di-

146 1301 280 1349 nendo,
301 1314 350 1341 ne
367 1302 486 1354 possit
511 1316 570 1340 ars
585 1302 763 1341 'eminere
788 1310 826 1341 ct
851 1304 900 1341 ab
928 1303 1110 1341 omnibus
1135 1302 1270 1350 videri,

147 1355 328 1395 facultate
345 1357 502 1395 oratoris
522 1357 744 1396 occultatur,
785 1356 907 1408 Ergo,
935 1357 1051 1396 ctiam
1078 1365 1122 1396 ut
1146 1357 1271 1408 magis

146 1423 208 1448 ars
234 1419 496 1461 cognoscatur,
518 1412 595 1449 suis
614 1411 801 1463 exemplis
819 1411 958 1450 melius
983 1420 1038 1450 est
1064 1411 1135 1450 uti.
1176 1412 1270 1450 Pos-

148 1471 270 1503 tremo
290 1465 371 1504 haec
396 1478 552 1518 quoque
572 1479 630 1504 res
655 1478 724 1504 nos
743 1466 857 1504 duxit
875 1466 924 1504 ad
949 1466 1049 1505 hanc
1067 1467 1270 1515 rationem,

147 1518 252 1570 quod
271 1520 428 1558 nomina
448 1533 575 1558 rerum
597 1522 746 1569 Graeca,
763 1534 852 1572 quae
863 1521 1133 1569 convertimus,
1150 1534 1195 1560 ca
1213 1534 1272 1560 re-

145 1580 252 1611 mota
271 1582 360 1612 sunt
379 1588 402 1612 a
420 1575 716 1614 consuetudine:
748 1588 836 1627 quae
861 1575 964 1613 enim
984 1588 1042 1614 res
1061 1575 1165 1627 apud
1183 1587 1271 1614 nos-

147 1634 225 1666 tros
244 1640 321 1666 non
347 1637 468 1677 erant,
497 1643 629 1668 earum
655 1642 783 1668 rerum
810 1630 969 1668 nomina
993 1642 1070 1668 non
1096 1638 1270 1681 poterant

147 1694 227 1720 esse
237 1681 389 1721 usitata.
411 1683 531 1734 Ergo,
542 1684 623 1722 haec
635 1683 825 1736 asperiora
835 1684 961 1735 primo
976 1683 1191 1729 videantur,
1205 1697 1271 1723 ne-

145 1748 248 1774 cesse
266 1744 347 1783 est;
377 1737 494 1789 idque
513 1738 578 1777 fiet
596 1739 664 1787 rei,
679 1751 754 1776 non
768 1738 910 1786 nostra,
925 1738 1161 1777 difficultate.
1193 1740 1273 1778 Re..

146 1790 301 1841 liquum
338 1792 534 1844 scriptura:
573 1800 818 1832 consumetur
856 1793 897 1831 in
934 1793 1132 1844 exemplis.
1175 1793 1272 1832 llaec

146 1845 272 1883 aliena
290 1844 321 1884 si
344 1847 615 1897 posuissemus,
643 1847 787 1886 factum
815 1855 924 1895 essct,
951 1855 1010 1895 ut,
1037 1847 1142 1899 quod
1167 1860 1271 1886 com-

147 1899 300 1937 modius
329 1908 425 1939 esset
457 1901 495 1938 in
525 1901 597 1940 hoc
626 1902 738 1951 libro,
770 1901 810 1940 id
838 1910 1011 1940 nostrum
1040 1914 1117 1940 non
1145 1910 1271 1947 esset3

146 1953 253 2005 quod
271 1954 440 2006 asperius
459 1963 495 1993 et
514 1955 756 2003 inusitatum,
783 1956 824 1994 id
849 1956 1001 2008 proprie
1029 1956 1140 1994 nobis
1164 1957 1271 1995 attri-

147 2009 340 2047 bueretur.
381 2008 489 2060 Ergo
507 2009 605 2048 hanc
624 2024 779 2062 quoque
797 2009 1151 2050 incommoditatem
1170 2009 1272 2062 fugi-

147 2074 249 2100 mus.
290 2062 366 2100 His
385 2063 433 2102 de
451 2064 587 2111 causis,
608 2078 697 2103 cum
716 2065 808 2103 artis
832 2065 1091 2104 inventionem
1118 2066 1272 2104 Οτι-ωοο-

148 2129 236 2154 rum
256 2117 538 2167 probassemus,
559 2119 825 2172 exemplorum
844 2120 1030 2158 rationem
1050 2119 1168 2159 secuti
1194 2131 1271 2158 non

149 2183 296 2208 sumus.

203 2225 244 2263 N
248 2236 323 2266 unc
341 2233 493 2280 tempus
511 2228 693 2281 postulat,
713 2237 758 2270 ut
776 2228 826 2270 ad
844 2228 1066 2270 elocutionis
1084 2235 1273 2281 praeeepta
