1466 2458
492 100 754 149 ORATOR,
776 100 884 140 CAr.
901 103 967 138 25.
1244 102 1297 139 23

168 210 396 257 transferam
426 218 507 259 aut,
535 211 567 250 si
590 224 650 250 res
669 222 785 249 suum
810 210 968 248 nullum
996 210 1113 248 habet
1138 222 1296 254 nomen,

161 266 327 305 docendi
343 266 460 305 causa
486 275 675 313 sumtum,
695 277 775 303 non
801 264 976 313 ludendi,
1004 265 1167 303 videtur.
1207 265 1296 304 Hoc

164 330 391 360 ornamento
415 321 573 360 liberius
591 321 723 372 paulo,
744 333 864 371 quam
894 319 1052 367 caeteris,
1080 328 1210 359 utetur
1234 320 1298 359 hic

164 375 403 422 submissus3
433 388 504 415 nec
523 383 604 414 tam
622 376 781 414 licenter
800 382 945 423 tamen,
967 388 1088 427 quam
1107 375 1139 414 si
1158 387 1296 426 genere

162 429 316 469 dicendi
333 438 505 470 uteretur
523 430 774 482 amplissimo.

220 484 359 524 XXV.
390 485 530 538 Itaque
559 485 659 524 illud
684 483 910 523 indecorum
936 483 1059 536 (quod
1088 484 1203 536 quale
1231 484 1295 527 sit,

165 553 216 579 ex
233 539 369 580 decoro
394 540 508 579 debet
531 539 712 592 intelligi)
731 539 798 578 hic
823 552 979 591 quoque
1005 548 1178 591 apparet,
1205 552 1296 578 cum

165 596 328 634 verbum
346 594 506 647 aliquod
524 595 640 634 altius
665 594 906 641 transfertur,
927 593 1045 645 idque
1064 594 1105 631 in
1125 594 1297 633 oratione

164 648 307 688 humili
334 651 505 702 ponitur,
537 649 643 702 quod
669 649 774 688 idem
803 649 843 687 in
873 648 950 687 alia
977 648 1136 687 deceret.
1176 649 1296 688 Illam

165 712 297 743 autem
324 705 636 752 concinnitatem,
663 718 752 756 quae
775 705 980 742 verborum
1008 703 1297 743 collocationem

163 759 361 798 illuminat
386 760 446 798 his
473 760 704 808 luminibus,
734 772 822 811 quae
843 758 983 805 Graeci,
1005 758 1117 810 quasi
1144 759 1294 811 aliquos

165 822 295 865 gestus
313 815 508 863 orationis,
531 822 714 866 Σχηματα
734 814 932 866 appellant
948 813 1070 866 (quod
1088 813 1193 852 idem
1213 827 1295 853 ver-

164 869 262 907 bum
281 871 330 908 ab
348 870 408 908 his
428 869 544 908 etiam
563 869 605 907 in
624 869 901 907 sententiarum
927 876 1154 907 ornamenta
1172 877 1295 908 trans-

163 923 317 973 fertur),
330 923 487 964 adhibet
505 924 664 977 quidem
683 923 746 962 hic
764 924 916 963 subtilis
931 927 1082 976 (quem,
1096 924 1171 962 nisi
1190 925 1295 976 quod

163 979 306 1028 solum,
335 979 566 1032 caeteroquin
594 987 694 1018 recte
720 979 881 1031 quidam
910 987 1048 1018 vocant
1077 979 1293 1029 Atticum),

161 1033 231 1072 sed
247 1034 365 1086 paulo
383 1035 546 1087 parcius.
579 1035 620 1073 N
623 1047 703 1082 am,
724 1035 835 1083 sicut,
856 1034 898 1073 in
917 1034 1120 1086 epularum
1133 1033 1295 1086 appara-

161 1096 221 1137 tu,
242 1103 266 1128 a
289 1089 575 1141 magnificentia
594 1089 786 1137 recedens,
806 1102 885 1128 non
912 1102 951 1128 se
969 1101 1130 1141 parcum
1150 1091 1292 1138 solum,

162 1143 230 1182 sed
259 1144 374 1183 etiam
404 1145 619 1196 elegantem
657 1144 778 1183 videri
815 1145 945 1186 volet:
988 1144 1117 1196 eliget,
1152 1145 1295 1196 quibus

160 1205 305 1237 utatur.
336 1200 436 1239 Sunt
455 1200 559 1238 enim
577 1200 771 1252 pleraeque
789 1207 891 1251 aptae
915 1199 1034 1249 hujus
1059 1199 1180 1250 ipsius
1209 1212 1294 1238 ora-

161 1253 269 1301 toris,
289 1253 338 1292 de
355 1267 433 1306 quo
450 1255 602 1306 loquor,
621 1255 881 1306 parcimoniae.
911 1254 1018 1292 Nam
1039 1254 1121 1303 illa,
1138 1254 1186 1293 de
1205 1255 1293 1306 qui-

162 1309 236 1346 bus
255 1317 344 1346 ante
361 1309 458 1356 dixi,
478 1309 569 1347 huic
595 1316 707 1348 acuto
732 1309 920 1361 fugienda
939 1317 1042 1356 sunt,
1063 1309 1172 1360 paria
1189 1310 1292 1361 pari-

158 1363 236 1401 bus
254 1363 386 1411 relata,
406 1373 444 1402 et
462 1364 638 1402 similiter
655 1365 848 1412 conclusa,
865 1364 1078 1415 eodemque
1096 1372 1209 1416 pacto
1228 1377 1290 1402 ca-

160 1417 317 1465 dentia3
348 1426 384 1456 et
401 1418 671 1457 immutatione
688 1418 809 1457 literae
828 1418 939 1471 quasi
959 1418 1130 1471 quaesitae
1150 1431 1290 1458 venus-

160 1478 284 1519 tates3
313 1485 363 1511 ne
388 1473 580 1512 elaborata
608 1473 858 1522 concinnitas,
883 1481 921 1512 et
947 1473 1144 1525 quoddam
1170 1487 1291 1512 aucu-

160 1527 273 1579 pium
291 1527 549 1567 delectationis
567 1528 772 1567 manifesto
791 1528 1073 1581 deprehensum
1093 1537 1288 1581 appareat.

159 1582 356 1634 Itemque,
376 1583 409 1622 si
432 1597 519 1636 quae
538 1585 743 1623 verborum
763 1583 980 1622 iterationes
1004 1584 1291 1623 contentionem

158 1637 333 1689 aliquam
350 1645 389 1676 et
413 1639 620 1677 clamorem
645 1638 856 1692 requirent,
883 1646 996 1677 erunt
1022 1640 1071 1677 ab
1097 1638 1170 1678 hac
1196 1640 1288 1678 sub-

158 1692 340 1731 missione
357 1693 536 1732 orationis
555 1694 689 1733 alienae
706 1709 716 1732 :
747 1693 893 1733 caeteris
911 1693 1128 1745 promiscue
1146 1693 1288 1746 poterit

158 1746 243 1793 uti;
273 1747 597 1788 continuationem
615 1751 822 1788 verborum
847 1748 965 1788 modo
985 1749 1145 1797 relaxet,
1167 1756 1205 1787 et
1224 1748 1283 1786 di-

158 1800 290 1847 vidat;
320 1809 526 1856 utaturque
544 1804 668 1843 verbis
688 1816 809 1856 quam
833 1803 1105 1853 usitatissimis,
1126 1803 1289 1842 transla-

156 1855 327 1895 tionibus
345 1870 464 1909 quam
481 1859 742 1898 mollissimis:
773 1858 890 1898 etiam
914 1858 985 1896 illa
1008 1858 1287 1897 sententiarum

156 1910 309 1950 lumina
320 1920 503 1961 assumat,
519 1927 608 1966 quae
620 1926 700 1953 non
719 1922 832 1952 erunt
845 1913 1093 1953 vehementer
1106 1913 1284 1952 illustria.

157 1964 255 2004 Non
279 1965 390 2006 faciet
407 1968 689 2020 rempublicam
713 1969 953 2021 loquentem,
980 1981 1050 2007 nec
1076 1969 1125 2006 ab
1151 1968 1283 2007 inferis

157 2028 330 2059 mortuos
347 2022 542 2072 excitabit,
561 2036 632 2063 nec
649 2023 856 2063 acervatim
876 2023 1001 2062 multa
1017 2022 1282 2075 frequentans,

151 2074 238 2113 una
262 2077 526 2128 complexione
550 2078 750 2118 devinciet.
788 2078 1060 2118 Valentiorum
1087 2078 1171 2116 haec
1187 2078 1284 2116 late-

155 2141 248 2167 rum
272 2138 376 2180 sunt,
402 2143 474 2171 nec
497 2134 547 2171 ab
571 2133 660 2182 hoc,
688 2146 806 2185 quem
831 2133 1102 2181 informamus,
1130 2140 1198 2170 aut
1216 2145 1284 2170 ex-

157 2184 364 2235 spectanda
389 2193 457 2224 aut
482 2188 738 2239 postulanda:
779 2188 850 2227 erit
877 2188 997 2236 enim,
1023 2194 1069 2226 ut
1096 2200 1200 2236 voce,
1230 2186 1284 2224 sic

146 2238 273 2286 etiam
301 2240 485 2292 oratione,
517 2243 763 2296 suppression
807 2242 885 2284 Sed
914 2243 1099 2295 pleraque
1128 2254 1177 2282 ex
1204 2240 1284 2280 illis
