1456 2396
257 58 744 103 ACADEMICORUM
765 59 866 99 L113.
887 59 922 99 Ι.
944 59 1049 100 CAP-
1070 62 1109 99 5.
1177 61 1253 107 271

122 171 370 223 disputabant
387 170 671 209 inambulantes
689 169 731 208 in
750 169 904 221 Lyceo:
934 169 992 207 illi
1007 177 1152 215 autem,
1166 170 1251 222 qui,

128 225 301 263 Platonis
329 225 518 273 instituto,
545 224 586 262 in
611 224 827 263 Academia
858 224 979 275 (quod
1006 232 1061 262 aet
1085 225 1251 262 alterum

127 279 390 331 gymnasium)
411 287 528 317 coetus
547 286 654 317 erant
673 287 711 317 et
730 291 920 317 sermones
939 279 1079 317 habere
1094 279 1208 325 soliti,
1231 292 1252 317 e

126 333 201 372 loci
220 334 405 372 vocabulo
423 346 565 372 nomen
590 333 820 371 habuerunt.
870 333 945 371 Sed
963 333 1130 384 utrique,
1160 333 1252 371 Pla-

124 388 225 427 tonis
239 389 411 426 ubertate
431 387 633 439 completi,
646 395 788 425 certam
810 387 1021 438 quamdam
1040 387 1251 438 disciplinae

125 442 334 480 formulam
354 449 664 494 composuerunt,
685 449 722 480 et
741 453 826 479 eam
842 441 998 493 quidem
1013 442 1184 492 plenam,
1206 446 1250 480 ac

123 496 327 535 refertam:
357 497 466 534 illam
486 504 616 534 autem
643 495 875 535 Socraticam
901 495 1180 534 dubitationem
1201 495 1250 534 de

122 551 305 590 omnibus
330 553 457 599 rebus,
486 559 523 589 et
548 551 658 588 1111113
683 550 935 588 affirmatione
962 549 1134 588 adhibita
1160 563 1250 589 con-

123 605 367 644 suetudinem
387 605 609 652 disserendi,
629 604 879 656 refiquerunt.

178 661 242 698 Ita
267 659 367 699 facta
389 668 444 698 est
466 658 713 711 [disserendi]
743 658 865 711 (quod
890 657 1052 696 minime
1079 659 1250 697 Socrates

124 716 328 767 probabat)
359 727 418 753 ars
438 714 617 766 quaedam
636 713 902 765 philosophia>
930 720 966 750 et
987 725 1115 750 rerum
1142 713 1250 762 ordo,

121 777 162 808 et
193 768 394 821 daecriptio
427 768 663 820 disciplinae;
700 782 787 820 quae
820 767 977 819 quidem
1011 775 1090 805 erat
1122 767 1249 818 primo

121 824 288 871 duobus,
316 833 361 861 ut
378 823 474 871 dixi,
506 823 727 861 nominibus
752 834 843 861 una.
893 820 1007 859 Nihil
1027 821 1130 859 enim
1150 821 1250 859 inter

122 877 395 930 Peripateticos
425 885 462 916 et
485 877 595 916 illam
621 881 787 916 veterem
812 875 1069 914 Academiam
1101 875 1251 914 differe-

120 934 200 971 bat.
230 932 488 971 Abundantia
507 931 703 984 quadam
691 931 837 982 lngenii
851 931 1069 982 praestabat,
1090 938 1134 968 ut
1152 929 1251 967 mihi

121 987 273 1026 videtur
309 986 482 1039 quidem,
521 986 772 1024 Aristoteles:
815 985 881 1023 sed
913 984 1016 1022 idem
1050 984 1135 1022 fons
1170 991 1251 1022 erat

121 1041 308 1093 utrisque,
339 1048 377 1080 et
400 1041 533 1080 eadem
564 1053 694 1079 rerum
721 1039 1023 1092 expetendarum
1048 1038 1251 1090 fugienda-

119 1109 286 1148 rumque
304 1095 472 1147 partitio,
501 1095 577 1134 Sed
597 1095 692 1148 quid
710 1097 814 1146 ago?
844 1093 995 1145 inquit.
1026 1069 1116 1131 auto
1113 1105 1250 1131 sumne

118 1164 249 1199 sanus,
266 1150 335 1202 qui
352 1150 435 1188 haec
454 1163 519 1188 vos
539 1150 686 1188 doceo?
716 1162 808 1187 nam
829 1149 898 1187 etsi
917 1160 994 1186 non
1015 1161 1078 1186 5115
1099 1147 1251 1185 Miner-

119 1218 225 1253 vam,
253 1212 300 1243 ut
324 1205 458 1251 aiunt3
488 1212 621 1243 tamen
645 1204 788 1256 inepte,
821 1203 1040 1255 quisquis
1024 1201 1250 1240 Minervam

119 1259 242 1298 docet.

174 1314 227 1353 V.
256 1313 367 1352 Tum
384 1313 555 1362 Atticus,
568 1313 635 1352 Tu
654 1325 757 1360 vero,
777 1312 918 1364 inquit,
940 1324 1069 1364 perge,
1090 1311 1130 1348 V
1132 1323 1245 1349 arro:

120 1369 233 1408 valde
261 1369 364 1407 enim
393 1382 482 1407 amo
509 1377 639 1406 nostra
666 1376 782 1419 atque
809 1375 983 1405 nostros:
1015 1379 1154 1417 meque
1174 1365 1247 1403 ista

118 1423 323 1472 delectant,
344 1436 435 1462 cum
456 1423 595 1461 Latine
613 1423 808 1485 dicuntur,
823 1430 859 1460 et
879 1422 950 1459 isto
966 1420 1094 1458 modo.
1137 1419 1248 1467 Quid

117 1491 197 1540 me,
224 1478 401 1530 inquam,
417 1485 544 1530 putas,
561 1478 630 1529 qui
648 1476 966 1529 philosophiam
953 1488 1037 1525 Jam
1056 1474 1248 1535 professus

119 1533 208 1581 sim,
218 1533 374 1594 ‘populo
401 1541 530 1570 nostro
549 1532 849 1570 exhibiturum?
880 1531 1094 1580 Pergamus
1113 1528 1247 1579 igitur,

117 1586 260 1639 inquit,
293 1587 479 1639 quoniam
507 1587 642 1638 placet.
699 1586 792 1624 Fuit
821 1598 910 1636 ergo
935 1585 1018 1634 jam
1047 1591 1201 1634 accepta
1225 1597 1249 1621 a

118 1641 284 1680 Platone
297 1641 595 1693 philosophandi
620 1641 717 1679 ratio
745 1640 910 1692 triplex:
941 1651 1034 1684 una,
1051 1638 1098 1676 de
1118 1637 1197 1676 vita
1212 1644 1250 1675 et

118 1696 319 1742 moribus;
350 1696 483 1743 altera,
504 1696 551 1734 de
570 1695 710 1734 natura
729 1702 766 1733 et
785 1697 899 1734 rebus
917 1692 1104 1738 occultis;
1122 1692 1248 1737 tertia,

117 1750 167 1789 de
185 1750 416 1799 disserendo,
438 1758 476 1789 et
495 1750 592 1803 quid
610 1763 760 1797 verum,
782 1758 819 1787 et
838 1748 934 1801 quid
952 1747 1122 1791 falsum;
1153 1746 1249 1797 quid

117 1812 266 1844 rectum
298 1805 339 1843 in
372 1805 555 1854 oratione,
582 1817 821 1857 pravumv3e
871 1802 966 1855 quid
995 1801 1248 1848 consentiens,

118 1859 214 1912 quid
232 1872 465 1911 repugnans,
491 1859 712 1910 judicando.
753 1858 816 1897 Ac
835 1858 1002 1918 primam
1031 1856 1140 1894 illam
1160 1868 1249 1906 par-

118 1921 214 1962 tem,
233 1915 333 1952 bene
358 1914 526 1963 vivendi,
546 1928 570 1952 a
588 1914 729 1952 natura
753 1914 949 1974 petebant,
970 1911 1082 1962 eique
1097 1922 1250 1971 paren-

118 1968 214 2006 dum
234 1981 313 2006 esse
331 1968 535 2016 dicebant,
565 1981 692 2021 neque
710 1968 793 2006 ulla
812 1967 913 2005 alia·
903 1979 943 2004 111
963 1979 1017 2013 re,
1035 1964 1108 2002 nisi
1123 1964 1164 2002 in
1179 1976 1250 2001 na·-

117 2022 221 2084 tura,
249 2023 503 2075 quaerendum
530 2037 609 2062 esse
633 2022 734 2061 illud
760 2034 961 2060 summum
986 2021 1150 2067 bonum,
1171 2030 1250 2069 quo

116 2077 250 2115 omnia
263 2077 516 2116 referrentur:
547 2078 922 2128 constituebantque,
935 2081 1156 2113 extremum
1168 2085 1249 2110 esse

115 2143 246 2170 rerum
276 2131 594 2183 expetendarum,
619 2140 657 2171 et
679 2131 797 2169 finem
825 2132 1032 2175 bonorum,
1062 2127 1248 2179 adeptum

115 2199 196 2226 &sse
221 2186 351 2227 omnia
376 2200 398 2227 e
424 2187 564 2230 natura
581 2196 620 2228 et
644 2187 789 2236 animo,
819 2194 859 2225 et
885 2196 1054 2237 corpore,
1079 2189 1117 2221 et
1144 2181 1246 2220 vita.
