1456 2396
445 79 679 134 TOPICA,
704 81 810 123 (311».
830 84 869 123 3.
1116 69 1117 72 ’
1168 82 1221 130 73

95 200 306 233 mensu-ato
335 200 374 232 et
401 200 533 232 notato
561 193 659 241 1000,
688 192 810 232 facilis
839 192 1009 231 inventio
1037 199 1120 238 est3
1151 192 1227 242 sic,

96 260 187 286 cum
204 248 458 300 pervestigare
476 254 750 299 argumentum
769 247 926 299 aliquod
951 248 1143 295 volumus,
1163 247 1222 286 lo·-

96 314 159 340 cos
177 304 288 341 nosse
302 302 486 341 debemus
500 316 512 347 ;
543 301 595 340 sic
614 301 718 340 enim
734 302 936 353 appellatae
950 303 998 340 ab
1014 301 1225 340 Aristotele

96 363 187 394 sunt
204 357 265 395 hae
283 356 393 408 quasi
413 356 536 404 sedes,
547 369 568 394 e
580 356 722 408 quibus
734 363 964 407 argumenta
976 364 1222 407 promuntur.

98 409 238 462 Itaque
256 411 345 450 licet
363 410 536 458 definire,
556 411 687 449 locum
713 423 793 448 esse
818 410 1037 461 argumenti
1063 410 1191 448 sedem
1208 425 1223 456 ;

97 472 372 515 argumentum
391 472 537 513 autem,
557 465 759 513 rationem,
781 477 869 516 quae
888 464 942 502 rei
961 464 1089 503 dubiae
1108 464 1225 503 faciat

99 518 228 558 fidem.

152 574 229 613 Sed
258 583 307 613 ex
337 573 397 612 his
429 572 535 622 locis,
570 573 611 611 in
643 572 784 626 quibus
817 581 1045 624 argumenta
1077 573 1226 612 inclusa

98 635 202 677 sunt,
223 628 289 667 alii
305 628 348 666 in
367 641 412 666 eo
430 628 527 680 ipso,
549 628 597 666 de
616 641 693 680 quo
713 628 856 679 agitur,
875 629 1049 673 haerent3
1079 628 1146 666 alii
1165 642 1223 666 as-

30 696 33 702 ·
98 690 306 721 sumuntur
324 682 570 721 extrinsecus.
601 683 650 721 In
669 683 766 734 ipso,
788 690 873 720 tum
894 695 942 720 ex
961 689 1054 730 toto,
1071 689 1157 720 tum
1177 696 1225 721 ex

99 737 273 788 partibus
291 738 388 787 ejus,
409 745 494 775 tum
515 750 562 775 ex
588 737 695 785 nota,
723 745 809 774 tum
829 750 877 775 ex
902 736 962 774 his
987 738 1115 785 rebus,
1138 750 1225 788 quae

100 791 387 842 quodammodo
413 791 557 830 affectae
583 799 672 830 sunt
698 790 748 828 ad
771 791 826 839 id,
848 791 895 829 de
921 804 999 842 quo
1027 791 1225 842 quaeritur.

100 845 351 885 Extrinsecus
369 853 499 884 autem
527 859 571 885 ea
589 846 783 894 dicuntur,
805 859 893 897 quae
918 847 1072 895 absunt,
1094 846 1227 897 longe-

100 913 177 952 que
194 900 386 950 disjuncta
404 908 506 939 sunt.

156 954 232 994 Sed
250 955 299 993 ad
317 955 358 993 id
378 962 516 1003 totum,
539 955 586 993 de
606 968 684 1007 quo
711 954 921 1003 disseritur,
943 961 1029 993 tum
1055 953 1227 994 definitio

101 1008 319 1057 adhibetur,
340 1023 428 1061 quae
446 1010 556 1061 quasi
581 1010 801 1048 involutum
827 1009 967 1047 evolvit
993 1009 1047 1055 id,
1075 1009 1123 1047 de
1149 1023 1227 1061 quo

102 1063 298 1116 quaeritur.
339 1064 439 1114 Ejus
457 1065 675 1126 argumenti
695 1064 781 1102 talis
801 1071 855 1102 est
874 1063 1065 1102 formula:
1087 1064 1117 1102 J
1119 1077 1164 1102 us
1177 1064 1229 1102 ci-

102 1119 178 1157 vile
197 1125 252 1157 est
276 1118 435 1171 aequitas
461 1119 666 1157 constituta
691 1118 751 1166 iis,
772 1118 841 1170 qui
866 1117 1038 1167 ejusdem
1065 1117 1227 1158 civitatis

102 1179 208 1221 sunt,
228 1173 278 1211 ad
295 1186 354 1211 res
379 1186 466 1211 suas
491 1172 740 1212 obtinendas·
772 1173 854 1222 ejus
880 1179 1011 1210 autem
1038 1173 1229 1225 aequitatis

104 1227 210 1266 utilis
229 1234 284 1266 aet
299 1227 490 1279 cognitio·
522 1228 628 1266 1111115
647 1235 702 1265 est
717 1240 806 1278 ergo
817 1226 914 1276 juris
927 1226 1047 1265 civilis
1059 1227 1226 1266 scientia.

158 1281 268 1320 Tum
286 1282 455 1334 partium
476 1282 726 1328 enumeratio,
748 1295 835 1332 quae
853 1289 1037 1319 tractatur
1054 1281 1126 1320 hoc
1144 1295 1230 1321 mo-

104 1336 179 1374 do:
211 1336 254 1375 Si
272 1349 397 1388 neque
416 1349 546 1384 censu,
566 1349 691 1387 neque
710 1335 893 1383 vindicta,
914 1347 983 1374 nec
1002 1343 1229 1375 testamento

105 1391 203 1429 liber
220 1390 344 1430 factus
363 1398 432 1438 est,
452 1403 531 1430 non
551 1399 606 1429 est
624 1391 745 1429 liber:
777 1403 903 1442 neque
922 1397 977 1428 est
996 1389 1078 1427 ulla
1096 1403 1231 1429 earum

106 1458 237 1484 rerum
252 1460 262 1483 :
293 1458 370 1484 non
391 1453 447 1484 est
464 1445 583 1496 igitur
600 1445 708 1483 liber.

161 1500 270 1538 Tum
289 1500 448 1547 notatio,
476 1513 565 1538 cum
592 1513 639 1538 ex
665 1499 703 1537 vi
729 1499 834 1537 verbi
863 1505 1136 1550 argumentum
1160 1500 1231 1538 ali-

107 1554 213 1607 quod
238 1554 400 1603 elicitur,
432 1554 504 1593 hoc
528 1554 668 1592 modo:
701 1553 804 1592 Cum
829 1553 894 1591 lex
923 1552 1051 1602 [AElia
1078 1554 1230 1607 Sentia]

107 1608 260 1647 assiduo
279 1609 469 1647 vindicem
496 1608 694 1647 assiduum
720 1621 799 1646 esse
825 1608 972 1657 jubeat,
999 1608 1231 1660 locupletem

107 1664 219 1713 jubet
245 1663 451 1715 locupleti:
482 1663 651 1715 locuples
678 1662 782 1701 enim
808 1670 864 1701 est
889 1663 1082 1712 assiduus,
1112 1671 1158 1701 ut
1179 1663 1233 1702 ait

112 1717 255 1767 AElius,
276 1718 491 1769 appellatus
509 1719 558 1756 ab
577 1730 660 1756 asse
679 1718 814 1755 dando.

164 1772 248 1811 III.
278 1771 488 1811 Ducuntur
506 1772 621 1811 etiam
641 1777 869 1824 argumenta
883 1785 928 1810 ex
944 1771 991 1811 iis
1005 1774 1133 1822 rebus,
1147 1787 1236 1826 quae

110 1826 396 1878 quodammodo
421 1827 565 1865 affectae
591 1835 680 1865 sunt
707 1827 755 1864 ad
781 1826 835 1875 id,
860 1826 908 1865 de
933 1840 1012 1878 quo
1036 1828 1236 1879 quaeritur.

113 1881 190 1920 Sed
202 1881 274 1920 hoc
285 1894 406 1944 genus
417 1881 458 1919 in
471 1882 602 1933 plures
619 1888 745 1933 partes
765 1881 1013 1919 distributum
1029 1889 1095 1920 est.
1127 1882 1235 1921 Nam

111 1935 188 1973 alia
217 1937 422 1987 conjugata
450 1936 704 1988 appellamus,
734 1935 810 1973 alia
837 1948 885 1973 ex
913 1948 1064 1987 genere,
1090 1936 1166 1974 alia
1189 1951 1238 1976 ex

112 1989 295 2038 formula,
317 1991 391 2028 alia
410 2004 458 2029 ex
478 1989 742 2038 similitudine,
759 1990 835 2027 alia
849 2002 897 2027 ex
911 1990 1236 2039 antecedentibus,

114 2043 191 2081 alia
215 2057 262 2082 ex
288 2044 621 2097 consequentibus,
650 2044 725 2082 alia
753 2057 800 2082 ex
825 2044 1143 2105 repugnantibus,
1165 2047 1242 2084 alia

114 2110 165 2136 ex
184 2098 321 2147 causis,
341 2099 417 2137 alia
435 2112 483 2137 ex
503 2099 659 2148 effectis,
680 2099 755 2137 alia
780 2112 828 2137 ex
854 2099 1137 2151 comparatione
1156 2113 1240 2138 ma-

112 2153 258 2202 jorum,
278 2161 346 2191 aut
363 2153 532 2204 parium,
553 2162 620 2192 aut
637 2153 846 2192 minorum.

172 2205 390 2258 Conjugata
414 2207 608 2257 dicuntur,
637 2222 725 2261 quae
751 2216 839 2247 sunt
869 2221 916 2246 ex
942 2209 1066 2247 verbis
1095 2208 1244 2258 generis

171 2262 368 2310 (Rleetor.)
395 2273 500 2302 vor.
524 2273 574 2301 11.
880 2274 912 2300 11
