1456 2396
257 88 435 131 ORAT.
456 88 878 141 PARTITIONES,
909 90 1017 130 CAP.
1037 94 1077 131 5.
1160 93 1233 132 101

111 202 240 247 tione3
268 199 311 238 111
333 198 493 249 judicio,
521 207 590 238 aut
615 199 802 238 saevitiam
828 210 896 239 aut
915 200 1162 240 clementiam
1177 202 1244 251 ju-

113 256 232 302 dicis3
261 255 304 293 111
322 254 497 293 suasione
515 263 661 303 autem,
689 263 757 293 aut
783 269 895 307 spem
920 264 988 294 aut
1015 256 1244 295 reformida-

114 311 259 350 tionem
277 308 535 347 deliberantis.
564 311 711 348 filius.
733 309 814 348 Cur
840 310 959 361 igitur
986 311 1146 362 exponis
1172 311 1245 350 hoc

115 366 198 404 loco
223 376 363 416 genera
391 363 769 403 controversiarum?
800 366 937 402 Pater.
969 365 1027 403 Ut
1055 366 1244 404 rationem

116 417 328 459 oollooendi
352 417 402 456 ad
420 417 540 456 finem
557 419 748 470 cujusque
770 419 1068 458 accommodem.
1098 421 1244 458 Filius.

117 474 304 522 Quonam
335 471 494 510 tandem
526 473 674 512 modo?
706 475 843 512 Pater.
876 473 995 522 Quia,
1031 474 1172 525 quibus
1205 475 1247 513 in

117 527 353 568 orationibus
371 527 572 566 delectatio
590 527 680 566 finis
698 535 768 576 est,
785 527 882 565 varii
895 537 985 566 sunt
999 528 1150 567 ordines
1170 529 1248 567 col-

117 582 281 622 locandi.
323 581 366 620 N
368 594 434 620 am
453 589 520 620 aut
538 590 759 634 temporum
777 590 976 620 servantur
994 582 1150 633 gradus,
1180 592 1248 622 aut

117 649 306 690 generum
330 635 642 683 distributionem
672 645 740 675 aut
758 650 781 674 a
799 636 1014 674 minoribus
1033 636 1082 674 ad
1100 638 1248 686 majora

119 691 402 740 adscendimus,
418 698 486 729 aut
505 704 529 729 a
546 691 758 752 majoribus
772 691 823 728 ad
837 691 988 729 minora
1002 691 1247 737 delabimur,

119 754 188 786 aut
211 746 295 785 haec
311 745 495 797 inaequali
513 745 694 784 varietate
713 745 1001 796 distinguimus
1023 758 1112 784 cum
1132 759 1250 797 parva

121 800 287 853 magniS,
316 800 506 852 simplicia
525 800 751 850 conjunctis,
772 801 934 838 obscura
952 800 1144 847 dilucidis,
1160 801 1250 838 laeta

121 855 309 903 tristibus,
324 854 565 893 incredibilia
577 854 842 906 probabilibus
861 855 1085 901 inteximus,
1103 869 1191 906 quae
1208 856 1250 893 in

123 909 412 949 exornationem
437 909 580 948 cadunt
605 909 748 948 omnia.
785 911 930 947 Filius.
953 909 1094 957 Quid?
1124 909 1165 948 in
1185 909 1251 948 de-

123 965 349 1004 liberatione
367 964 463 1016 quid
482 966 660 1016 spectas?
702 965 839 1002 Pater.
862 964 1072 1016 Principia,
1093 964 1154 1002 vel
1173 977 1251 1003 000

123 1020 255 1071 longa,
284 1019 344 1057 vel
371 1032 470 1071 saepe
497 1019 617 1057 nulla.
661 1019 762 1058 Sunt
788 1019 893 1057 enim
922 1018 972 1057 ad
997 1018 1251 1062 audiendum,

124 1073 195 1127 qui
211 1073 438 1123 deliberant,
459 1074 530 1112 sua
555 1074 670 1112 031153
689 1073 825 1125 parati.
867 1073 952 1112 Nec
971 1074 1143 1111 multum
1162 1087 1253 1112 sane

125 1142 226 1181 saepe
243 1128 481 1167 narrandum
500 1136 567 1167 est.
597 1128 670 1167 Est
689 1128 794 1167 enim
812 1128 980 1167 narratio
998 1135 1065 1166 aut
1083 1128 1253 1180 praeteri-

125 1191 255 1222 tarum
280 1196 410 1222 rerum
429 1192 498 1222 aut
521 1184 796 1236 praesentium,
828 1183 953 1222 suasio
972 1191 1117 1232 autem,
1146 1182 1255 1221 futu-

126 1251 271 1276 rarum.
301 1237 435 1286 Quare
459 1238 509 1276 ad
528 1238 646 1276 fidem
671 1246 708 1277 et
727 1238 776 1276 ad
794 1246 948 1276 motum
967 1237 1185 1276 adhibenda
1199 1246 1255 1276 est

127 1292 253 1331 omnis
272 1293 403 1331 oratio.
432 1295 578 1331 Filius.
595 1293 735 1341 Quid?
764 1293 805 1331 in
823 1293 976 1343 judiciis
996 1306 1084 1344 quae
1104 1303 1159 1331 est
1177 1293 1255 1330 co]-

128 1347 266 1386 looetio
280 1349 298 1386 Ξ)
328 1349 466 1386 Pater.
483 1348 524 1386 N
526 1361 575 1386 on
592 1347 726 1386 eadem
741 1347 967 1386 accusatoris
987 1356 1024 1385 et
1039 1347 1094 1385 rei
1108 1361 1120 1392 ς
1151 1347 1257 1398 quod

128 1408 324 1441 accusator
342 1415 472 1441 rerum
490 1402 665 1441 ordinem
683 1403 941 1454 prosequitur,
969 1411 1006 1440 et
1025 1401 1179 1453 singula
1197 1415 1257 1439 ar-

129 1463 330 1508 gumenta,
350 1457 460 1509 quasi
474 1457 613 1496 hasta
603 1470 644 1495 10
658 1469 779 1495 103011
795 1457 992 1504 collocata,
1013 1456 1258 1494 vehementer

128 1511 323 1563 proponit,
345 1511 538 1551 concludit
563 1512 711 1560 acriter,
733 1512 934 1550 confirmat
952 1511 1108 1559 tabulis,
1130 1510 1259 1549 decre-

129 1565 194 1614 tis,
220 1565 462 1614 testimoniis,
490 1566 780 1618 accuratiusque
798 1566 840 1604 in
858 1566 1020 1617 singulis
1046 1577 1258 1603 commora-

131 1627 220 1659 tur:
248 1620 576 1673 perorationisque
605 1621 818 1673 praeeeptis,
844 1634 939 1682 ’quae
967 1620 1018 1658 ad
1046 1619 1260 1658 incitandos

131 1675 281 1714 animos
299 1676 440 1725 valent,
463 1683 500 1714 et
525 1676 567 1714 in
584 1676 733 1728 reliqua
759 1675 929 1714 oratione
960 1674 1169 1726 paululum
1200 1674 1259 1712 di-

131 1729 307 1781 grediens
326 1730 374 1769 de
392 1744 506 1769 cursu
533 1730 699 1779 dicendi,
726 1730 863 1778 utitur,
879 1738 917 1768 et
928 1729 1192 1768 vehementius
1217 1729 1259 1766 in

131 1784 356 1835 perorando.
392 1785 467 1824 Est
491 1785 596 1824 enim
614 1785 870 1838 propositum,
889 1792 935 1822 ut
959 1784 1103 1822 iratum
1122 1783 1260 1822 efficiat

130 1839 315 1889 judicem.

188 1893 240 1932 V.
260 1896 406 1934 Filius.
423 1894 534 1943 Quid
546 1894 767 1934 faciendum
782 1901 838 1933 051
851 1901 983 1933 contra
996 1895 1092 1932 reo?
1119 1895 1258 1931 Pater.

132 1946 280 1987 Omnia
297 1949 412 2001 longe
429 1963 548 1988 secus.
589 1950 788 1989 Sumenda
806 1949 995 2001 principia
1020 1947 1070 1986 ad
1094 1949 1260 1986 benevo-

130 2002 293 2041 lentiam
311 2004 602 2043 conciliandam.
639 2004 890 2049 Narrationes
909 2012 976 2042 aut
995 2001 1259 2054 amputandae,

132 2070 222 2109 quae
239 2057 413 2104 laedunt;
434 2066 502 2097 aut
520 2059 796 2111 relinquendae,
818 2059 849 2097 si
867 2066 958 2097 totae
972 2066 1062 2097 sunt
1075 2057 1259 2095 molestae.

132 2111 397 2151 Firmamenta
410 2113 461 2151 ad
474 2113 591 2152 fidem
605 2114 743 2165 posita,
764 2121 832 2152 aut
845 2126 914 2165 per
925 2126 964 2151 se
978 2111 1175 2159 diluenda,
1192 2118 1260 2148 aut

133 2167 386 2216 obscuranda,
416 2175 485 2206 aut
512 2168 810 2219 digressionibus
838 2167 1052 2207 obruenda.
1099 2165 1262 2204 Perora-

133 2220 255 2262 110005
272 2229 404 2262 autem
423 2222 473 2263 ad
491 2223 791 2264 misericordiam
809 2222 1061 2263 conferendae.
1114 2222 1156 2259 F
1158 2221 1262 2259 ilius.

859 2289 889 2317 x
910 2278 936 2315 3
