1456 2396
262 59 745 102 ACADEMICORUM
765 61 865 100 LIB.
881 60 940 101 ΙΙ.
961 61 1066 101 CAP.
1080 62 1144 101 26.
1189 61 1270 102 319

156 169 231 208 alia
248 181 324 208 non
337 169 507 221 possint,
496 183 506 193 ·
527 177 724 221 quartum,
737 170 891 209 nullu-m
903 183 982 210 esse
995 170 1120 209 visum
1131 182 1267 209 verum

155 236 179 261 3
192 234 303 261 5011511
320 223 547 275 profectum,
561 223 623 262 cui
635 236 713 262 non
729 225 947 275 appositum
966 225 1014 263 sit
1024 224 1150 264 visum
1161 223 1269 262 aliud

154 276 259 328 quod
276 279 324 315 ab
339 290 383 316 eo
400 277 522 315 1111111
511 277 671 323 111101511,
687 278 867 329 quodque
880 278 1022 331 percipi
1039 290 1117 317 non
1134 277 1266 329 possit.

207 329 363 369 Horum
393 338 556 382 quatuor
592 330 760 382 capitum
793 332 1002 370 secundum
1035 338 1072 371 et
1106 331 1264 370 tertium

150 395 283 422 omnes
301 384 526 423 concedunt.
556 384 736 423 Primum
754 385 946 436 Epicurus
966 398 1043 423 non
1057 385 1136 424 dat.
1164 384 1262 432 Vos,

152 437 383 487 quibuscum
414 451 473 476 1·ae
502 445 570 486 est,
603 438 645 477 id
675 452 830 491 quoque
861 439 1074 479 conceditis.
1121 437 1265 478 Omnis

150 503 284 541 pugna
299 491 348 530 de
367 499 502 543 quarto
521 499 588 531 est.

205 544 287 591 Qui
315 545 432 596 igitur
468 545 515 583 P.
554 545 760 585 Servilium
793 546 1005 585 Geminum
1036 546 1203 594 videbat,
1230 546 1263 585 si

149 596 345 645 Quintum
360 612 398 637 se
410 598 535 637 videre
552 601 726 651 putabat,
746 599 936 638 incidebat
953 601 993 638 in
1009 600 1197 650 ejusmodi
1207 601 1265 639 vi-

149 664 251 699 sum,
272 652 376 703 quod
393 653 536 704 percipi
553 665 631 691 non
655 662 805 705 posset;
835 654 926 705 quia
951 655 1061 692 1111113
1082 655 1174 693 nota
1198 667 1263 693 ve-

149 717 237 743 rum
251 706 556 758 distinguebatur
573 721 596 745 a
609 707 705 745 falso
720 722 731 746 z
753 708 833 759 qua
842 708 1081 746 distinctione
1095 708 1261 757 sublata,

149 772 268 810 quam
297 760 466 809 haberet,
499 760 541 798 in
571 761 616 799 C.
647 761 761 800 Cotta
786 762 872 813 (qui
898 762 957 800 bis
985 775 1075 800 cum
1094 761 1262 800 Gemino

149 813 282 851 consul
298 813 390 861 fuit)
409 814 660 864 agnoscendo,
681 815 869 864 ejusmodi
894 823 1040 863 notam,
1061 829 1148 867 quae
1166 815 1263 853 falsa

147 879 226 905 esse
239 879 316 905 non
334 870 490 918 posset?
519 868 651 919 Negas
669 876 817 907 tantam
836 869 1129 907 similitudinem
1147 868 1187 906 in
1202 882 1261 907 re-

146 932 235 958 rum
253 921 391 959 natura
409 934 498 959 esse.
529 921 686 972 Pugnas
704 923 875 970 omnino,
895 922 962 962 sed
980 936 1069 960 cum
1087 922 1263 961 adversa-

147 973 204 1012 rio
229 975 342 1013 facili.
372 975 437 1013 Ne
461 975 511 1013 sit
535 988 647 1013 sane:
678 975 798 1013 videri
826 983 925 1014 certe
953 983 1087 1026 potest.
1135 976 1262 1014 Fallet

146 1027 264 1078 igitur
282 1041 435 1068 sensum
451 1043 460 1066 =
490 1035 543 1077 ,0,1,
561 1029 595 1067 51
613 1042 692 1070 11113
709 1029 885 1068 fefellerit
903 1029 1127 1076 similitudo,
1143 1029 1262 1068 dubia

147 1081 278 1122 omnia
309 1082 524 1123 reddiderit.
572 1083 733 1121 Sublato
761 1083 865 1120 enim
891 1083 1035 1132 judicio
1066 1083 1147 1130 illo,
1182 1097 1261 1134 quo

146 1143 294 1186 oportet
311 1136 486 1187 agnosci3
515 1137 631 1175 etiam
650 1137 682 1175 si
695 1136 776 1187 ipse
795 1137 879 1184 erit,
895 1149 1012 1187 quem
1024 1137 1174 1184 videris,
1192 1137 1261 1188 qui

148 1189 218 1227 tibi
237 1189 399 1237 videtur,
419 1198 548 1232 tamen
567 1203 644 1228 non
674 1190 719 1228 ea
737 1190 829 1228 nota
843 1190 1048 1240 judicabis,
1069 1191 1148 1240 qua
1165 1190 1260 1229 dicis

146 1251 330 1294 oportere,
368 1252 412 1282 ut
448 1256 525 1283 non
568 1244 685 1295 possit
722 1256 800 1282 esse
837 1244 1114 1293 ejusdemmodi
1149 1243 1258 1283 falsa.

149 1297 317 1344 Quando
334 1297 452 1348 igitur
469 1305 592 1348 potest
610 1298 680 1336 tibi
698 1297 745 1335 P.
774 1297 976 1345 Geminus,
1004 1297 1176 1345 Quintus
1202 1298 1260 1336 vi-

147 1350 242 1397 deri,
263 1351 357 1402 quid
383 1351 500 1390 habes
519 1351 718 1402 explorati,
740 1364 806 1389 cur
824 1363 901 1389 non
919 1351 1037 1402 possit
1055 1350 1126 1389 tibi
1145 1351 1260 1390 Cotta

149 1404 281 1451 videri,
311 1405 379 1456 qui
409 1417 488 1443 non
518 1405 579 1454 sit,
611 1405 794 1458 quoniam
819 1404 966 1457 aliquid
991 1404 1140 1443 videtur
1164 1418 1258 1455 aese,

147 1458 252 1510 quod
270 1466 348 1497 non
366 1466 421 1496 est
437 1461 454 1497 ‚⁹

200 1513 348 1552 Omnia
377 1512 469 1551 dicis
502 1513 562 1551 sui
593 1512 740 1564 generis
771 1526 875 1558 esse3
904 1512 1003 1551 nihil
1033 1525 1112 1551 esse
1139 1512 1258 1563 idem,

145 1566 250 1618 quod
268 1566 317 1604 sit
334 1566 451 1604 aliud.
498 1567 671 1606 Stoicum
690 1575 746 1605 est
763 1567 935 1618 quidem,
954 1579 1024 1605 nec
1048 1566 1260 1606 admodum

147 1620 339 1667 credibile,
358 1621 512 1658 nullum
536 1634 614 1660 esse
635 1621 761 1673 pilum
783 1620 961 1659 omnibus
986 1621 1100 1659 rebus
1124 1621 1258 1668 talem,

144 1674 270 1726 qualis
299 1674 348 1714 sit
370 1674 472 1726 pilus
498 1675 608 1723 311115,
629 1675 783 1716 nullum
800 1686 977 1725 granum.
1023 1673 1122 1713 Haec
1137 1674 1261 1714 refelli

145 1735 330 1780 possunt.
361 1728 426 1766 sed
443 1741 615 1780 pugnare
632 1729 733 1767 11010.
771 1728 842 1766 Ad
859 1728 899 1769 id
915 1728 1035 1776 enim,
1054 1728 1161 1780 quod
1179 1728 1261 1779 agi-

147 1790 224 1829 tur,
244 1782 342 1820 nihil
359 1782 528 1831 interest,
548 1783 776 1821 omnibusne
794 1781 966 1843 partibus
985 1781 1065 1842 visa
1084 1795 1143 1820 res
1161 1782 1260 1820 nihil

149 1835 312 1884 differat,
342 1848 391 1874 an
416 1837 618 1876 internosci
643 1848 721 1874 non
745 1835 878 1888 possit,
898 1835 1014 1877 etiam
1032 1835 1064 1874 51
1082 1835 1257 1875 differat:

149 1889 230 1938 sed,
251 1889 282 1927 51
297 1890 502 1928 hominum
518 1889 731 1930 similitudo
749 1896 856 1928 tanta
873 1902 952 1928 esse
968 1901 1046 1929 non
1060 1896 1197 1940 potest,
1210 1902 1260 1928 ne

148 1943 345 1994 signorum
363 1943 554 2005 quidem?
583 1943 660 1982 Dic
676 1943 788 1993 mihi,
809 1943 1005 1995 Lysippus
1023 1942 1156 1985 eodem
1171 1956 1258 2003 aere,

149 1997 284 2036 eadem
321 1997 604 2048 temperatione,
643 1997 777 2036 eodem
814 1997 919 2045 caelo,
957 1996 1072 2048 aqua,
1118 1996 1261 2036 caeteris

146 2051 340 2098 omnibus,
378 2059 533 2090 centum
556 2051 799 2090 Alexandros
835 2050 1112 2100 ejusdemmodi
1138 2050 1261 2091 facere

148 2117 225 2144 non
244 2107 403 2157 posset?
445 2103 536 2153 Qua
553 2105 670 2156 igitur
687 2105 840 2143 notione
858 2104 1114 2142 discerneres?
1151 2103 1260 2151 Quid

145 2159 182 2206 si
208 2159 249 2200 in
276 2158 554 2211 ejusdemmodi
582 2159 668 2200 0013
690 2166 844 2200 0011111111
873 2158 997 2211 sigilla
1020 2158 1092 2198 hoc
1116 2158 1260 2203 annulo
