1456 2396
299 118 383 158 AD
404 115 785 169 HERENNIUM,
804 117 904 156 1118.
921 116 998 157 IV.
1016 117 1123 158 CAP.
1141 118 1203 157 12.
1233 120 1307 159 221

172 225 299 266 habet
317 233 514 265 attenuata
532 225 671 277 figura,
691 226 799 278 puris
817 226 942 265 verbis
961 234 998 266 et
1017 227 1142 266 electis
1157 240 1311 281 compo-

178 283 295 320 sitam
314 281 536 320 orationem.
565 280 698 319 Omne
716 294 838 332 genus
856 281 1050 330 orationis,
1072 290 1109 320 et
1127 296 1256 334 grave,
1272 292 1310 323 et

178 336 382 383 mediocre,
397 343 433 373 et
445 342 700 382 attenuatum,
715 335 900 386 dignitate
912 335 1082 375 afficiunt
1094 338 1308 376 exornatio-

177 402 260 437 ηας,
275 389 323 428 de
342 389 484 442 quibus
502 397 588 451 post
601 389 833 451 loquemur3
856 403 943 440 quae
955 390 986 428 si
997 404 1092 428 rarae
1104 391 1308 442 disponen-

176 452 254 492 tur,
267 444 500 491 distinctam,
515 443 624 482 sicuti
634 443 846 490 coloribus;
869 444 900 481 si
912 446 1051 483 crebrae
1065 445 1307 484 collocabun-

174 505 256 547 tur,
270 499 431 537 oblitam
442 498 603 537 reddent
613 498 836 536 orationem.
858 498 934 536 Sed
946 499 1111 550 figuram
1125 499 1164 537 in
1178 500 1308 539 dicen-

172 552 226 591 do
253 553 482 592 commutari
500 560 662 604 oportet,
683 560 728 591 ut
751 565 908 603 gravem
927 553 1139 602 mediocris,
1159 555 1307 593 medio-

173 620 278 646 crem
306 607 470 659 excipiat
488 614 694 646 attenuata.
730 605 884 645 Deinde
901 606 1111 646 identidem
1130 621 1305 648 commu-

173 668 317 710 tentur,
338 670 382 700 ut
400 661 512 700 facile
530 662 681 700 satietas
700 661 879 699 varietate
898 662 1050 700 vitetur.

230 716 333 754 XII.
364 716 577 764 Quoniam,
598 717 740 768 quibus
758 716 799 753 in
813 716 1017 767 generibus
1037 716 1200 756 elocutio
1222 731 1305 757 ver-

176 770 251 808 sari
266 771 415 820 debeat,
434 770 582 809 dictum
601 778 671 820 est,
693 769 890 809 xideamus
909 783 1026 819 nunc,
1048 784 1143 822 quas
1162 785 1220 810 res
1239 773 1305 811 de-

175 825 264 863 beat
298 825 440 864 habere
476 825 639 864 elocutio
676 825 878 863 commoda
908 832 945 863 et
976 825 1154 876 perfecta.
1204 826 1306 874 Quae

173 879 346 918 maxime
364 879 576 918 admodum
595 880 734 918 oratori
753 879 1040 918 accommodata
1061 888 1130 927 est,
1152 887 1227 919 tres
1246 894 1305 920 res

170 933 214 971 in
233 947 273 972 se
291 934 404 973 debet
421 934 576 983 habere,
597 934 841 986 elegantiam,
863 934 1196 986 compositionem,
1218 935 1315 987 diga

172 988 346 1027 nitatem.
383 988 589 1041 Elegantia
609 998 677 1036 est,
698 1003 789 1040 quae
808 989 913 1037 facit,
934 997 978 1027 ut
996 990 1305 1042 unumquodque

170 1055 267 1095 pure
286 1050 323 1082 et
335 1052 464 1096 aperte
481 1044 558 1083 dici
576 1043 760 1082 videatur.
792 1043 890 1082 Haec
909 1043 1150 1082 distribuitur
1162 1044 1201 1081 in
1215 1045 1303 1083 lati-

170 1097 345 1147 nitatem,
367 1106 404 1137 et
422 1097 744 1150 explanationem.
793 1097 984 1136 Latinitas
1012 1106 1082 1146 est,
1111 1112 1199 1150 quae
1226 1113 1303 1137 ser-

169 1164 327 1191 monem
351 1166 496 1205 purum
524 1161 734 1202 conservat,
765 1154 814 1192 ab
838 1153 944 1191 omni
975 1153 1066 1191 vitio
1094 1160 1302 1192 remotum.

174 1206 284 1246 Vitia
301 1208 342 1246 in
361 1220 549 1256 sermone,
567 1221 645 1260 quo
663 1208 793 1246 minus
812 1208 843 1246 is
858 1208 1024 1246 Latinus
1039 1208 1101 1256 sit,
1118 1207 1196 1246 duo
1214 1222 1302 1259 pos-

170 1269 261 1300 sunt
279 1275 385 1309 esse3
415 1263 662 1310 soloecismus,
691 1270 728 1301 et
756 1263 1027 1301 barbarismus.
1059 1262 1302 1302 soloecismus

168 1324 240 1365 est,
261 1330 365 1365 cum,
386 1317 428 1355 in
446 1318 570 1356 verbis
588 1317 780 1369 pluribus,
794 1329 1028 1369 consequens
1054 1318 1216 1356 verbum
1236 1331 1300 1356 su-

167 1371 309 1423 periori
333 1384 412 1411 non
439 1372 760 1410 accommodatur.
809 1372 1081 1411 Barbarismus
1109 1379 1178 1420 est,
1211 1385 1300 1411 cum

173 1428 335 1465 verbum
364 1426 522 1479 aliquod
554 1426 687 1465 vitiose
712 1427 878 1465 effertur.
923 1428 1021 1466 Haec
1048 1427 1127 1479 qua
1154 1428 1301 1467 ratione

172 1480 293 1520 vitare
317 1482 522 1532 possimus,
551 1481 592 1519 in
618 1489 698 1520 arte
723 1482 976 1532 grammatica
1000 1482 1166 1520 dilucide
1199 1483 1300 1521 dice-

169 1547 270 1574 mus.
318 1535 555 1587 Explanatio
574 1543 643 1584 est,
665 1549 753 1587 quae
771 1537 895 1575 reddit
914 1544 1086 1588 apertam
1106 1544 1144 1574 et
1163 1537 1299 1576 diluci-

165 1589 261 1628 dam
279 1590 502 1629 orationem.
551 1591 613 1629 Ea
633 1599 877 1642 comparatur
895 1591 1045 1630 duabus
1065 1592 1192 1640 rebus,
1220 1592 1299 1630 usi-

169 1644 258 1683 tatis
277 1644 416 1693 verbis,
438 1652 475 1684 et
492 1645 667 1697 propriis.
728 1645 881 1684 Usitata
900 1654 990 1684 sunt
1009 1659 1067 1693 ea,
1099 1659 1187 1697 quae
1215 1659 1298 1684 ver-

166 1707 302 1738 santur
319 1699 360 1738 in
379 1713 553 1739 sermone
571 1706 610 1739 et
634 1700 909 1739 consuetudine
932 1700 1179 1752 quotidian313
1210 1714 1298 1752 pro-

167 1754 266 1806 pria,
287 1767 376 1807 quae
394 1755 478 1804 ejus
495 1755 551 1794 rei
568 1756 685 1794 verba
703 1762 807 1804 sunt,
837 1762 905 1793 aut
928 1768 1007 1794 esse
1025 1763 1199 1807 possunt,
1221 1756 1300 1807 qua

165 1809 218 1848 de
230 1809 448 1861 loquemur.

223 1863 460 1916 Compositio
488 1872 544 1903 est
575 1865 779 1903 verborum
811 1864 1054 1911 constructio,
1089 1877 1177 1916 quae
1208 1864 1299 1903 facit

168 1931 302 1957 omnes
333 1926 460 1970 partes
491 1918 670 1957 orationis
703 1918 942 1971 aequabiliter
972 1919 1189 1971 perpolitas.
1237 1919 1300 1957 Ea

168 1973 465 2022 conservabitur,
486 1974 518 2012 si
542 1973 736 2025 fugiemus
761 1975 908 2012 crebras
933 1973 1123 2012 vocalium
1143 1986 1299 2012 concur-

166 2028 305 2075 siones,
335 2041 423 2080 quae
452 2035 599 2066 vastam
629 2036 746 2080 atque
777 2027 950 2066 hiantem
977 2028 1188 2066 orationem
1215 2028 1300 2066 red·

167 2082 283 2129 dunt,
312 2090 356 2120 ut
381 2082 453 2120 hoc
472 2090 551 2120 est:
584 2085 612 2105 “
633 2083 769 2121 Baccae
795 2095 910 2120 aeneae
935 2082 1201 2120 amoenissimae
1226 2082 1300 2120 im-

169 2136 389 2189 pendebant
403 2137 444 2175 :''
473 2145 511 2175 et
536 2136 568 2174 si
586 2137 794 2176 vitabimus
812 2136 983 2187 ejusdem
1002 2137 1122 2175 literae
1139 2137 1301 2174 nimiam

168 2190 455 2230 assiduitatem:
477 2191 541 2230 cui
554 2191 646 2231 vitio
661 2205 790 2231 versus
808 2191 872 2230 hic
885 2192 956 2230 erit
969 2191 1171 2242 exemplo:
1194 2194 1302 2234 (nam

170 2245 237 2285 hic
254 2246 353 2285 nihil
372 2246 563 2298 prohibet,
579 2246 624 2285 in
642 2246 759 2295 vitiis,
780 2246 913 2285 alienis
931 2245 1118 2297 exemplis
1136 2246 1222 2289 uti)

909 2312 936 2339 U
959 2301 985 2337 3
