1456 2396
221 76 397 117 ORAT.
428 76 842 125 PARTITIONES‚
873 77 977 116 CAP.
998 77 1063 117 39.
1134 77 1209 115 133

82 185 250 236 judicem
260 185 310 224 ad
323 185 402 225 vim
417 185 546 237 scripti
557 194 674 224 vocet„
703 185 791 223 Hac
805 186 1088 224 confirmatione
1101 198 1209 232 usus,

83 239 289 291 amplificet
306 253 388 278 rem
406 240 490 290 lege
507 239 723 285 laudanda-⁰,
748 239 1023 291 audaciamque
1041 238 1210 278 confutet.

83 295 179 344 ejus,
195 295 277 345 qui,
298 307 386 332 cum
411 294 542 345 palam
566 302 696 332 contra
721 293 863 341 fecerit,
890 294 1006 345 idque
1030 294 1210 340 fateatur,

83 347 181 386 adsit
210 356 353 396 tamen,
383 347 606 399 factumque
635 348 824 386 defendat.
866 347 1018 386 Deinde
1042 348 1212 385 infirmet

84 401 355 449 defensionem,
387 414 476 440 cum
506 402 739 440 adversarius
769 403 875 440 aliud
899 403 1074 449 voluisse,
1105 401 1212 440 aliud

80 456 236 495 sensisse
260 457 494 508 scriptorem,
525 456 631 494 aliud
661 456 849 508 scripsisse
877 456 977 495 dicat
992 472 1001 494 :
1034 469 1111 494 non
1132 469 1212 494 esse

85 510 299 557 ferendum,
320 524 344 548 a
357 523 555 572 quoquam
572 510 698 562 potius
716 511 846 549 latoris
865 524 1033 558 sensum,
1050 523 1168 571 quam
1187 523 1212 548 a

83 565 181 616 1383,
202 564 395 616 explicari.
426 564 506 603 Cur
524 565 578 603 ita
596 565 796 626 scripserit,
817 565 852 604 si·
866 565 920 603 ita
933 578 1010 603 non
1025 565 1200 603 senserit.
1190 566 1210 592 9

84 618 179 666 Cur,
199 632 289 657 cum
308 632 365 680 33,
387 632 474 671 quae
491 619 605 671 plane
624 620 762 671 scripta
780 620 869 667 sint,
885 619 1107 670 neglexerit,
1125 632 1213 670 quae

82 685 275 734 nusquam
294 673 432 724 scripta
450 673 539 721 sint,
562 674 752 724 proferat.
743 676 760 701 9
801 674 882 712 Cur
899 673 1213 724 prudentissimos

81 725 124 764 in
149 726 344 766 scribendo
368 727 466 765 viros
492 741 654 766 summae
679 728 849 767 stultitiae
871 735 980 780 putet
1002 741 1080 766 esse
1102 727 1212 764 dam-

82 781 260 825 113111103.9
289 781 398 829 Quid
416 782 632 833 impedierit
650 783 884 834 scriptorem,
907 795 984 833 (1110
998 782 1126 819 minus
1147 794 1213 819 ex-

83 835 223 887 ciperet
236 835 348 883 illud,
365 836 469 887 quod
483 836 732 882 adversarius,
748 845 948 889 tamquam
964 837 994 874 si
1009 844 1214 897 exceptum

83 897 192 937 oeset,
213 890 267 928 ita
285 890 376 928 dicit
394 903 433 928 se
452 899 648 929 secutum.
639 893 656 918 9
686 892 828 929 Utetur
847 891 1060 942 exemplis
1051 890 1109 937 113,
1127 903 1178 941 qu
1170 889 1215 926 «i-

81 944 155 984 bus
172 944 276 983 idem
295 944 474 996 scriptor,
499 953 578 993 aut,
600 945 631 983 si
649 945 689 983 id
703 958 780 984 non
800 945 951 1007 poterit,
973 944 1112 997 quibus
1131 944 1212 991 3111,

83 998 189 1050 quod
218 998 485 1050 excipiendum
509 1000 696 1051 putarint,
726 1000 952 1051 exceperint.
994 997 1216 1047 Quaerenda

84 1053 200 1091 etiam
218 1053 313 1091 ratio
333 1061 401 1101 est,
423 1054 454 1092 si
473 1067 550 1105 (1113
568 1055 706 1105 poterit
724 1054 790 1092 inv
792 1054 899 1101 eniri,
921 1066 1039 1105 quare
1061 1065 1138 1091 non
1164 1052 1214 1090 sit

83 1114 308 1159 exceptum:
333 1116 401 1146 aut
414 1108 547 1160 iniqua
560 1109 638 1155 lex,
654 1116 721 1146 aut
739 1108 885 1147 inutilis
903 1108 1034 1146 futura
1052 1107 1213 1153 dicetur,

84 1169 151 1200 aut
176 1162 252 1200 alia
269 1175 382 1200 331133
399 1163 700 1214 obtemperandi,
722 1163 797 1201 alia
814 1162 1044 1214 abrogandi:
1070 1161 1217 1200 dissen-

84 1216 155 1254 tire
180 1216 382 1255 adversarii
406 1230 538 1255 vocem
563 1226 680 1269 atque
703 1218 810 1269 legis.
853 1217 1018 1263 Deinde,
1047 1215 1215 1268 amplifi-

84 1269 197 1308 candi
221 1284 348 1318 331133,
372 1270 420 1309 (13
439 1272 701 1310 conservandis
719 1273 882 1323 legibus,
903 1271 950 1309 de
968 1270 1136 1322 periculo
1154 1283 1213 1308 re-

85 1337 175 1362 rum
197 1325 440 1376 publicarum
465 1334 582 1377 atque
604 1327 855 1388 111-1131311131,
883 1339 971 1364 cum
998 1325 1081 1362 aliis
1105 1324 1213 1371 locis,

88 1386 173 1417 tum
190 1379 232 1417 in
250 1379 461 1431 perorando
478 1380 662 1431 maxime,
683 1381 846 1433 graviter
866 1380 936 1419 erit
954 1379 1215 1418 vehementer-

86 1446 163 1484 que
182 1433 402 1472 dicendum.

140 1487 348 1526 XXXIX.
370 1489 445 1527 Ille
458 1498 602 1551 autem,
618 1490 687 1543 qui
706 1504 744 1529 se
763 1489 949 1529 sententia
966 1488 1060 1540 legis
1079 1488 1216 1527 volun-

84 1547 240 1594 tateque
257 1542 478 1604 defendet,
467 1556 508 1581 111
527 1545 682 1583 consilio
705 1553 820 1597 atque
844 1545 885 1582 in
909 1552 1038 1582 mente
1060 1543 1217 1593 scripto-

85 1595 150 1643 113,
171 1609 248 1635 11011
266 1596 308 1635 111
326 1597 449 1636 verbis
467 1611 511 1636 33
529 1599 660 1647 literis,
677 1600 757 1638 vim
771 1599 865 1661 13813
879 1599 1044 1650 positam
1058 1610 1136 1635 3333
1150 1596 1215 1634 (13-

86 1650 240 1689 fendett
266 1650 447 1703 quodque
465 1652 563 1690 nihil
581 1654 769 1706 exceperit
786 1654 827 1691 in
844 1654 943 1705 lege,
962 1651 1149 1697 laudabit,
1169 1663 1219 1688 ne

86 1703 309 1743 diverticula
326 1706 488 1756 peccatis
506 1707 700 1756 darentur,
721 1716 837 1760 atque
855 1715 899 1745 ut
914 1720 961 1745 ex
975 1707 1075 1744 facto
1091 1706 1218 1765 cujus-

86 1771 164 1810 que
178 1758 301 1809 judex
318 1759 414 1811 13813
430 1769 601 1800 mentem
618 1762 939 1814 interpretaretur.
979 1760 1132 1798 Deinde
1150 1759 1221 1797 erit

87 1813 276 1851 utendum
296 1816 496 1866 exemplis,
516 1815 557 1853 in
577 1817 717 1868 quibus
739 1816 864 1855 omnis
889 1815 1047 1877 aequitas
1069 1821 1219 1866 pertur-

87 1867 214 1915 betur,
246 1868 278 1906 31
301 1869 425 1907 verbis
449 1870 596 1921 legum,
621 1884 665 1909 ac
691 1884 769 1910 non
794 1870 1002 1917 sententiis,
1027 1875 1218 1920 pareatur.

87 1919 242 1964 Deinde
259 1935 380 1973 genus
398 1925 587 1973 ejusmodi
604 1925 819 1964 calliditatis
834 1934 871 1964 et
885 1924 1087 1963 calumniae
1101 1930 1219 1961 retra-

86 1971 232 2013 hatur
221 1988 263 2013 111
280 1976 413 2015 odium
435 1978 588 2028 judicis,
615 1992 706 2018 cum
731 1979 900 2031 quadam
918 1977 1106 2017 invidiosa
1124 1989 1218 2028 que-

89 2028 181 2067 rela„
222 2030 278 2068 Et
296 2030 327 2069 si
348 2031 489 2071 incidet
510 2032 779 2084 imprudentiae
803 2047 930 2095 causa,
954 2046 1043 2085 quae
1067 2044 1144 2070 non
1170 2030 1220 2068 ad.

90 2081 288 2132 delictum,
326 2085 392 2123 sed
428 2086 478 2124 ad
513 2100 645 2125 casum
681 2088 1000 2148 necessitatemve,
1034 2086 1221 2146 pertineat

89 2137 255 2189 (quode
231 2150 350 2177 <renus
357 2141 484 2201 ‘paulo
502 2149 591 2180 ante
608 2143 839 2193 attigimus),
861 2142 931 2180 erit
949 2141 1083 2179 iisdem
1099 2139 1218 2190 aequi-

92 2190 180 2230 tatis
209 2193 402 2232 sententiis
430 2202 561 2234 contra
585 2197 827 2238 acerbitatem
858 2198 1062 2236 verborum
1088 2193 1220 2245 depre-

148 2246 348 2296 (Rlaetor.)
378 2260 406 2285 v
411 2259 484 2288 OL.
507 2260 558 2288 11.
863 2262 894 2290 N
