1456 2396
300 74 392 120 »DE
422 73 807 123 FINIBUS,·L113.
827 72 887 111 ΙΙ.
907 71 1014 110 CAP.
1033 72 1101 110 20.
1193 71 1276 111 403

209 183 308 222 XX.
338 183 388 223 L.
410 183 581 222 Thorius
599 182 748 222 Balbus
766 182 856 230 fuit,
876 180 1134 227 Lanuvinus3
1164 192 1284 233 quem

142 238 374 280 ,meminisse
393 246 436 277 tu
454 250 531 276 non
551 249 670 290 potes.
700 238 742 276 Is
760 237 815 276 ita
834 236 998 284 vivebat,
1012 245 1056 274 ut
1073 235 1186 273 nulla
1201 243 1283 273 tam

155 292 348 344 exquisita
365 300 492 344 posset
510 292 674 330 inveniri
692 292 884 343 voluptas,
915 291 993 342 qua
1011 302 1089 328 non
1108 289 1283 328 abunda-

154 355 225 385 ret.
254 347 353 385 Erat
371 355 410 386 et
427 346 590 399 cupidus
609 347 868 398 voluptatum,
890 354 927 384 et
946 344 1114 395 cujusvis
1133 343 1282 395 generis

155 401 240 451 ejus
259 401 476 453 intelligens
504 409 542 439 et
567 401 765 452 copiosus3
796 401 850 438 ita
876 412 955 438 non
985 399 1280 451 superstitiosus,

154 462 200 493 ut
218 455 287 494 illa
305 456 475 508 plurima
496 456 538 494 in
569 457 639 494 sua
663 455 787 506 patria
807 454 989 493 sacrificia
1011 462 1049 492 et
1073 453 1164 491 fana
1191 465 1282 492 con-

153 515 368 556 temneret;
398 511 453 549 ita
470 522 548 549 non
568 510 728 548 timidus
746 510 795 548 ad
813 519 993 556 mortem,
1014 516 1058 546 ut
1076 508 1116 546 in
1136 507 1215 546 acie
1235 507 1283 546 sit

153 565 203 603 ob
218 565 498 617 rempublicam
512 564 745 603 interfectus.
776 564 1016 615 Cupiditates
1030 575 1107 601 non
1120 562 1284 614 Epicuri

153 618 340 658 divisione
358 619 530 666 finiebat,
560 619 627 658 sed
646 619 716 657 sua
735 619 918 657 satietate.
949 618 1132 656 Habebat
1150 625 1281 655 tamen

152 673 341 712 rationem
370 674 624 713 valetudinis:
654 675 834 712 utebatur
860 673 908 711 iis
933 671 1281 720 exercitationibus,

153 734 199 766 ut
217 727 267 766 ad
286 741 432 767 coenam
453 736 490 767 et
509 728 678 767 esuriens
699 735 736 767 et
755 727 885 766 sitiens
903 728 1049 765 veniret
1065 740 1077 772 3
1108 739 1152 765 eo
1181 725 1281 775 cibo,

154 781 226 834 qui
244 790 282 821 et
311 783 559 822 suavissimus
577 790 688 829 esset,
714 790 752 821 et
769 782 874 820 idem
898 781 1105 820 facillimus
1125 781 1174 819 ad
1192 793 1284 819 con-

154 837 426 888 coquendum;
457 838 560 885 vino,
582 845 619 876 et
639 837 689 876 ad
713 837 966 889 voluptatem,
989 844 1026 874 et
1053 848 1101 874 ne
1119 843 1282 874 noceret.

157 890 309 930 Caetera
332 892 400 931 illa
424 892 645 940 adhibebat,
672 892 814 944 quibus
839 891 977 929 demtis
996 898 1109 942 negat
1129 903 1168 929 se
1186 889 1286 942 Epi-

155 958 271 985 curus
299 946 528 998 intelligere,
563 946 659 999 quid
691 947 740 985 sit
776 948 936 985 bonum.
977 944 1126 983 Aberat
1158 944 1284 983 omnis

154 1000 264 1039 dolor
279 1015 292 1047 ς
323 1001 392 1053 qui
410 1002 442 1040 si
469 1001 632 1050 adesset,
652 1014 722 1040 nec
740 1000 909 1039 molliter
926 1000 1040 1038 ferret
1056 1013 1069 1044 ς
1100 1006 1137 1038 et
1156 1007 1287 1037 tamen

153 1055 312 1094 medicis
330 1056 418 1108 plus
437 1069 556 1108 quam
575 1056 813 1109 philosophis
831 1063 1012 1093 uteretur.
1047 1054 1161 1093 Color
1181 1066 1288 1105 egre-

154 1110 257 1162 gius,
278 1110 428 1163 integra
456 1111 649 1160 valetudo,
680 1123 835 1150 summa
860 1109 996 1161 gratia,
1017 1109 1096 1147 vita
1117 1109 1283 1160 denique

155 1165 328 1204 conferta
345 1166 589 1218 voluptatum
614 1165 792 1205 omnium
821 1165 1014 1203 varietate.
1046 1164 1166 1202 Hunc
1196 1175 1286 1202 vero

155 1221 314 1259 beatum
346 1221 444 1260 ratio
477 1221 635 1273 quidem
665 1229 790 1260 vestra
822 1219 875 1258 sic
905 1219 1017 1270 cogit.
1056 1218 1159 1270 Ego,
1193 1217 1285 1256 huic

157 1287 278 1326 quem
310 1283 558 1328 anteponam,
584 1288 662 1314 non
688 1275 811 1314 audeo
829 1274 979 1314 dicere:
1010 1274 1110 1312 dicet
1133 1285 1203 1325 pro
1221 1285 1285 1310 me

155 1329 240 1381 ipsa
259 1329 379 1369 virtus
396 1344 408 1377 ;
439 1343 510 1369 nec
528 1331 722 1370 dubitabit
735 1330 798 1368 isti
818 1338 940 1368 vestro
952 1330 1063 1368 beato
1075 1328 1138 1366 M.
1151 1328 1286 1379 Regu-

154 1383 243 1422 lum
261 1393 504 1437 anteponere.
534 1386 667 1434 Quem
680 1384 853 1438 quidem,
870 1397 975 1432 cum,
989 1384 1059 1422 sua
1074 1383 1285 1429 voluntate,

155 1439 269 1477 nulla
288 1439 326 1478 vi
345 1448 510 1488 coactus,
535 1447 690 1492 propter
708 1439 826 1478 fidem
857 1452 977 1492 quam
996 1437 1152 1476 dederat
1169 1437 1286 1485 hosti,

158 1506 206 1532 ex
225 1494 351 1545 patria
370 1494 646 1547 Carthaginem
671 1494 897 1541 revertisset,
919 1502 1004 1532 tum
1029 1492 1174 1545 ipsum,
1196 1504 1287 1530 cum

157 1548 299 1600 vigiliis
318 1556 355 1588 et
383 1549 487 1588 fame
505 1550 751 1599 cruciaretur,
779 1549 920 1588 clamat
939 1548 1060 1587 virtus
1078 1546 1288 1586 beatiorem

155 1601 289 1652 fuisse,
305 1616 425 1656 quam
439 1612 638 1657 potantem
653 1604 693 1642 in
708 1603 795 1642 rosa
815 1603 1022 1643 Thorium.
1050 1601 1165 1641 Bella
1177 1613 1289 1651 mag-

155 1669 210 1697 na
241 1666 436 1710 gesseram
466 1659 526 1699 bis
556 1659 689 1699 consul
717 1659 872 1705 fuerat;
902 1657 1189 1710 triumpharat:
1217 1668 1291 1694 nec

158 1719 290 1752 tamen
323 1726 393 1753 sua
438 1713 507 1753 illa
539 1714 735 1767 superiora
763 1721 845 1752 tarn
878 1726 1022 1765 magna
1050 1724 1177 1764 neque
1206 1718 1288 1750 tam

157 1768 342 1820 praeclara
386 1768 566 1817 ducebat,
608 1781 729 1822 quarn
768 1769 882 1807 illum
916 1767 1103 1806 ultimum
1140 1777 1287 1814 casum,

157 1835 291 1875 quem,
321 1832 477 1876 propter
510 1823 628 1863 fidem
658 1823 1004 1875 constantiamque,
1043 1827 1288 1872 susceperat;

159 1877 230 1929 qui
248 1878 359 1917 nobis
377 1878 606 1918 miserabilis
625 1878 776 1918 videtur
794 1878 1054 1924 audientibus,
1074 1876 1132 1914 illi
1152 1887 1289 1927 perpe-

157 1931 270 1970 tienti
312 1940 393 1972 erat
425 1933 677 1986 voluptarius.
718 1934 811 1973 Non
843 1932 947 1972 enim
978 1931 1185 1977 hilaritate,
1219 1941 1290 1968 nec

158 1986 330 2035 lascivia,
358 1999 429 2028 nec
447 1988 525 2027 risu
542 1996 611 2027 aut
624 1989 726 2039 joco,
747 1987 886 2027 comite
904 1986 1082 2034 levitatis,
1103 1984 1169 2023 sed
1187 1995 1290 2036 saepe

159 2040 277 2080 etiarn
297 2042 421 2082 tristes
439 2042 622 2082 firmitate
640 2051 679 2082 et
700 2042 914 2082 constantia
933 2049 1022 2080 sunt
1040 2039 1154 2079 beati.

213 2096 398 2148 Stuprata
426 2111 495 2149 per
524 2098 604 2137 vim
638 2098 821 2137 Lucretia
847 2111 871 2136 a
899 2096 999 2148 regis
1028 2094 1123 2141 filio,
1153 2098 1291 2132 testata

159 2150 273 2200 cives,
294 2164 334 2190 se
361 2151 447 2204 ipsa
463 2153 669 2192 interemit.
701 2152 780 2192 Hic
809 2151 919 2191 dolor
940 2150 1077 2203 populi
1102 2145 1287 2194 Romani,

159 2205 256 2246 duce
275 2213 313 2245 et
331 2214 484 2248 auctore
510 2207 650 2258 Bruto,
680 2221 795 2247 causa
814 2206 959 2247 civitati
983 2202 1169 2244 libertatis
1186 2201 1284 2241 fuit:
