1456 2396
320 367 400 421 M.
421 367 670 420 TULLII
712 366 1101 421 CICERONIS

223 521 1189 587 ACADEMICARUM

385 629 1037 702 QUAESTIONUM

411 789 644 838 LIBER
687 788 1005 846 PRIMUS,

679 939 742 967 AD

242 1053 312 1101 M.
337 1053 742 1102 TERENTIUM
777 1054 1173 1103 VARRONEM.

643 1215 785 1243 -φ-

197 1354 233 1394 Ῑ.
263 1352 322 1392 IN
342 1351 521 1391 Cumano
547 1363 672 1404 nuper
689 1364 780 1390 cum
799 1363 954 1392 mecum
974 1351 1133 1391 Atticus
1151 1359 1279 1392 noster

142 1417 253 1458 osset,
284 1407 509 1447 nuntiatum
542 1414 598 1445 est
629 1407 740 1445 nobis
770 1420 794 1445 a
823 1407 884 1447 M.
910 1408 1100 1455 Varrone,
1132 1407 1280 1447 venisse

143 1478 234 1504 eum
255 1462 386 1502 Roma.
403 1461 527 1514 pridie
547 1461 708 1513 vesperi,
730 1469 781 1510 et,
802 1463 876 1501 nisi
891 1462 939 1501 de
953 1463 1016 1501 via
1030 1462 1152 1501 fessus
1166 1470 1277 1511 esset,

141 1519 324 1558 continuo
342 1517 392 1556 ad
411 1529 480 1555 nos
499 1523 708 1554 venturum
727 1516 856 1556 fuisse.
897 1516 1017 1565 Quod
1037 1530 1127 1556 cum
1146 1517 1279 1556 audis·
1358 1556 1362 1560 ,

142 1587 286 1622 semus,
319 1572 471 1611 nullam
503 1583 655 1609 moram
684 1570 1006 1623 interponendam
1038 1572 1278 1624 putavimus,

139 1628 237 1681 quin
264 1627 481 1667 videremus
509 1625 724 1675 hominem,
755 1627 956 1666 nobiscum
984 1634 1021 1666 et
1044 1627 1180 1666 studiis
1207 1628 1280 1666 eis--

140 1683 246 1731 dem,
267 1689 305 1722 et
323 1689 512 1721 vetustate
526 1680 719 1728 amicifiae,
737 1682 1000 1731 conjunctum.
1032 1682 1172 1734 Itaque
1188 1695 1279 1721 con-2

138 1738 268 1777 faetim
287 1736 338 1775 ad
357 1750 448 1776 eum
467 1737 522 1775 ire
541 1736 805 1787 perreximus:
832 1737 1074 1790 paulumque
1090 1751 1180 1776 cum
1196 1739 1279 1788 ejus

138 1793 233 1832 villa
259 1792 492 1840 abessemus‚
520 1791 651 1844 ipsum
676 1790 726 1829 ad
751 1804 821 1829 nos
844 1791 1062 1830 venientem
1082 1792 1251 1832 vidimus
1265 1808 1277 1832 :

140 1854 256 1899 atque
282 1846 397 1885 inum
425 1844 634 1899 complexi,
663 1853 708 1884 ut
736 1859 820 1886 mos
846 1846 1059 1885 arm'corum
1086 1855 1156 1896 αεὶ,
1187 1848 1279 1887 satis

139 1914 230 1941 eum
248 1901 366 1952 longo
384 1901 586 1940 intervallo
606 1899 655 1938 ad
674 1914 785 1939 suam
805 1901 940 1941 villam
959 1901 1200 1941 reduximus.

193 1955 276 1994 Hic
302 1969 427 2007 pauca
453 1955 607 2008 primo:
647 1962 779 2008 atque,
808 1956 1122 2009 percontantibus
1149 1957 1276 2006 nobis,

139 2010 279 2063 ecquid
296 2010 394 2048 forte
413 2011 545 2049 Rom&
562 2009 685 2050 novi?
714 2011 886 2061 Atticus,
910 2010 1061 2050 Omitte
1080 2011 1167 2059 ista,
1189 2026 1278 2065 quae

136 2078 209 2106 nec
239 2065 456 2117 percontari
481 2078 552 2105 nec
582 2065 716 2106 audire
743 2065 825 2106 sine
851 2066 1029 2105 molestia
1056 2078 1277 2117 possumus,

139 2132 285 2174 (ψευδο,
311 2119 463 2172 inquit:
494 2128 533 2159 et
558 2134 689 2172 quaere
715 2121 858 2173 potius,
889 2120 1027 2173 ecquid
1052 2120 1134 2173 ipse
1152 2121 1244 2159 novi
1258 2124 1277 2160 ἓ

137 2176 252 2216 silent
269 2174 374 2213 enim
392 2173 538 2214 diutius
557 2174 689 2218 Musae
707 2176 909 2223 Varronis,
931 2188 1051 2228 quam
1077 2175 1274 2216 solebant:

195 2229 385 2280 (Plcilos.)
415 2239 521 2272 von.
543 2240 597 2271 11.
877 2233 902 2271 2
918 2242 947 2271 A
