1456 2396
175 54 260 95 AD
282 54 660 105 HERENNIUM,
681 55 779 95 LIB.
794 55 852 94 ΙΙ.
873 54 976 95 CAP.
989 56 1054 93 25.
1103 55 1178 101 179

68 169 245 201 accurata
272 162 506 201 confirmatio
534 162 688 201 rationis
712 170 830 202 totam
857 162 1180 203 vehementissime

72 217 292 267 comprobat
328 217 703 268 argumentationem.
749 217 923 255 Utuntur
957 217 1072 268 igitur
1102 223 1180 255 stu-

66 269 163 360 diggi
180 269 221 307 in
238 270 495 308 confirmanda
513 271 654 308 ratione
673 270 815 322 duplici
839 271 1086 319 conclusione,
1108 270 1180 308 hoc

65 334 107 360 m
156 335 202 362 o:

121 398 150 420 ‘⁴
166 398 315 447 Injuria
333 400 398 437 abs
417 406 454 437 te
472 398 612 437 afficior
630 399 801 450 indigna,
821 407 936 450 pater.

119 450 240 499 Nam,
260 453 290 490 si
309 453 526 503 improbum
540 452 811 513 Cresphontem
831 453 1122 502 existimaveras,

122 503 202 542 Cur
218 517 281 544 me
299 505 388 543 huic
405 507 554 544 locabas
572 506 745 557 nuptiis?
774 507 831 544 sin
851 514 905 545 est
922 508 1076 558 probus,

122 557 203 596 Cur
221 560 336 597 talem
354 560 513 598 invitam
530 560 694 598 invitum
713 560 813 611 cogis
830 560 1029 611 linquere.
1018 570 1031 588 ν
1036 561 1061 578 ”

63 645 169 698 Ωαεε
186 646 257 685 1100
275 647 388 685 modo
411 647 692 695 concludentur,
719 655 786 686 aut
810 661 857 686 ex
882 648 1064 686 contrario
1089 659 1177 687 con-

68 706 271 749 vertentur,
291 708 358 738 aut
377 714 424 739 ex
442 701 603 753 simplici
624 709 731 753 parte
751 701 1079 753 reprehendentur.
1113 701 1178 740 Ex

70 753 253 793 contrario
271 754 342 792 hoc
360 754 498 793 modo:

120 826 150 848 ‘⁴
166 827 290 865 Nulla
307 834 344 866 te
361 828 532 879 indigna,
553 836 655 877 nata,
677 828 826 867 afficio
815 828 967 879 injuria.

118 879 162 917 Si
178 883 319 931 probus
338 889 406 928 est,
429 881 649 931 [collocavi.
656 882 673 934 ]
703 883 760 921 sin
779 891 906 922 autem
923 883 1133 935 improbus,

120 933 295 973 Divortio
313 942 350 973 te
367 936 534 974 liberabo
552 936 812 975 incommodis.
817 936 842 955 ’'

68 1019 134 1059 Ex
153 1021 314 1073 simplici
331 1030 438 1074 parte
455 1024 787 1075 reprehendentur,
814 1025 846 1063 si
867 1038 914 1064 ex
932 1024 1075 1077 duplici
1092 1036 1180 1064 con-

65 1075 230 1114 clusione
247 1077 427 1115 alterutra
443 1091 530 1129 pars
548 1077 727 1127 diluetur,
746 1079 818 1117 hoc
835 1078 973 1117 modo·

122 1166 150 1188 ‘⁶
164 1165 271 1203 Nam
289 1165 320 1204 si
337 1166 556 1217 improbum
575 1166 849 1218 Cresphontem
867 1166 1160 1215 existimaveras,

121 1218 202 1256 Cur
219 1231 282 1257 me
299 1219 390 1258 huic
406 1220 554 1258 locabas
573 1220 745 1272 nuptiis?
776 1220 886 1258 Duxi
904 1222 1080 1271 probum.

122 1272 283 1310 Erravi:
312 1279 397 1324 post
415 1273 597 1325 cognovi;
630 1281 667 1312 et
683 1273 791 1325 fugio
810 1274 1047 1325 cognitum.’'

70 1361 175 1412 Ergo
194 1361 430 1413 reprehensio
447 1361 563 1411 hujus
577 1361 822 1400 conclusionis
836 1360 978 1412 duplex
993 1368 1068 1407 est3
1094 1374 1182 1399 acu-

69 1415 142 1453 tior
172 1415 239 1453 illa
264 1415 444 1466 superior,
472 1415 617 1454 facilior
644 1415 726 1453 haec
753 1415 933 1466 posterior
959 1414 1009 1453 ad
1034 1415 1184 1466 excogi-

69 1469 242 1507 tandum.

123 1522 260 1561 XXV.
289 1523 395 1561 Item
415 1521 548 1561 vitiosa
570 1528 624 1561 est
645 1522 878 1562 confirmatio
902 1521 1068 1570 rationis,
1093 1534 1182 1560 cum

69 1576 114 1615 ea
131 1590 185 1625 re,
206 1589 292 1628 quae
309 1577 421 1627 plura
438 1576 635 1627 significat,
656 1576 849 1614 abutimur
866 1589 934 1627 pro
953 1583 1051 1614 certo
1069 1576 1183 1614 unius

70 1630 124 1669 rei
142 1631 263 1682 518110,
282 1630 355 1669 1100
371 1630 570 1668 11101101ιι
586 1631 747 1668 Necesse
765 1637 832 1677 est,
854 1630 1034 1691 quoniam
1053 1630 1183 1691 pallet,

72 1685 293 1736 aegrotasse:
298 1685 325 1702 '’
352 1691 433 1732 aut,
463 1686 490 1707 “
511 1684 673 1722 Necesse
698 1691 752 1722 est
776 1684 974 1735 peperisse,
1002 1684 1184 1734 quoniam

71 1738 230 1777 sustinet
257 1751 420 1790 puerum
447 1737 644 1776 infantem.
648 1738 674 1756 ''
714 1738 820 1775 Nam
848 1737 929 1775 haec
958 1750 1027 1775 sua
1052 1744 1186 1788 sponte

70 1798 171 1831 certa
189 1792 296 1843 signa
313 1805 390 1830 non
407 1792 562 1839 habent,
583 1792 615 1830 si
632 1804 709 1830 non
727 1798 859 1829 caetera
877 1804 1029 1842 quoque
1047 1791 1185 1829 similia

73 1852 307 1884 concurrant.
336 1845 454 1893 Quod
469 1845 500 1884 si
513 1845 778 1894 concurrerint,
794 1845 968 1882 nonnihil
980 1844 1188 1883 illiusmodi

72 1899 181 1951 signa
198 1899 387 1951 adaugent
405 1899 666 1951 suspicionem.
696 1899 797 1937 Item
815 1898 993 1937 vitiosum
1011 1905 1189 1946 est,cum

75 1953 137 1991 vel
153 1953 195 1991 in
213 1953 347 2002 alium,
367 1954 427 1992 vel
444 1954 485 1991 in
499 1966 588 1991 eum
605 1953 732 2004 ipsum
750 1951 818 2004 qui
835 1951 938 2000 dicit,
957 1951 1011 2000 id,
1027 1952 1130 2003 quod
1147 1952 1189 1990 in

75 2005 332 2046 adversarium
349 2006 500 2056 dicitur,
519 2014 642 2059 potest
659 2006 869 2054 convenire,
889 2005 961 2044 hoc
977 2005 1091 2044 modo
1104 2020 1116 2043 ι

130 2096 159 2119 “
175 2094 327 2186 Miseril
335 2102 439 2143 sunt,
463 2095 532 2166 gui
556 2107 692 2135 uxores
714 2094 882 2135 ducunt:
917 2102 957 2133 at
982 2101 1023 2133 tu
1048 2091 1190 2133 duxisti

290 2155 458 2188 aoemm.
