1456 2396
242 160 317 204 178
361 158 443 197 AD
463 159 837 210 HERENNIUM,
858 161 956 200 LIB.
972 161 1029 201 ΙΙ.
1050 161 1156 201 CAP.
1170 162 1236 200 24.

291 266 469 314 Brutam,
489 267 580 318 quia
596 267 754 319 dignum
769 276 882 320 atque
894 267 1096 320 indignum
1110 274 1275 321 nequeat
1286 266 1347 305 in-

452 327 669 359 ternosoere.

292 374 392 413 Sunt
409 381 535 411 autem
554 375 618 412 alii
634 375 862 427 philosophi,
882 375 963 427 qui,
987 383 1129 423 contra,
1152 375 1346 413 fortunam

294 435 632 543 [Miserizlzlneffregse
648 482 782 531 ullam,
803 482 866 520 sed
884 482 1092 521 temeritate
1109 481 1238 521 omnia
1253 479 1346 532 regi.

293 534 510 626 Verisimiltie
521 547 671 635 ῗιὸιιέιιῗς
713 589 815 640 quod
842 602 932 628 usus
963 589 1092 641 reapse
1119 587 1350 640 experiundo

297 694 417 734 Velut
434 641 715 734 Οθιιὲῗῗεειιιοᾶο
733 695 807 733 fuit
824 709 904 743 rex,
924 695 1038 734 modo
1060 695 1255 734 mendicus
1272 694 1351 733 fac-

295 755 783 906 Naufragtigtilzgghbontigit:
813 814 950 854 nempe
968 815 1055 854 ergo
1072 801 1177 840 haud
1197 799 1351 840 fortuna

455 867 477 892 Ο
536 868 572 891 σι
604 856 629 872 ,,

243 959 351 997 Nam
371 960 436 998 hic
462 960 650 998 Pacuvius
671 959 823 998 infirma
846 961 989 999 ratione
1012 960 1146 1007 utitur,
1172 971 1260 998 cum
1285 958 1352 1005 ait,

247 1013 371 1051 verius
396 1027 472 1051 esse
497 1014 716 1060 temeritate,
733 1027 848 1065 quam
868 1013 1034 1061 fortuna,
1053 1027 1112 1052 ιω
1129 1013 1231 1064 regi:
1261 1024 1352 1050 nam

242 1067 405 1118 utraque
434 1067 608 1117 opinione
637 1067 948 1119 philosophorum
976 1067 1057 1105 fieri
1078 1067 1215 1119 potuit,
1238 1072 1284 1105 ut
1305 1065 1352 1113 ιε,

243 1120 311 1170 qui
328 1133 394 1158 rex
412 1120 555 1168 fuisset,
575 1121 770 1159 mendicus
788 1121 902 1159 fieret.

295 1173 455 1211 XXIV.
485 1174 586 1212 Item
614 1174 766 1212 infirma
793 1175 887 1212 ratio
909 1181 977 1222 est,
1001 1187 1088 1225 quae
1111 1172 1259 1211 videtur
1271 1184 1352 1233 ‚pro

241 1226 386 1265 ratione
414 1227 550 1274 afferri,
582 1227 646 1265 sed
668 1227 770 1266 idem
794 1228 897 1275 dicit,
925 1228 1028 1279 quod
1055 1227 1096 1264 in
1124 1226 1354 1277 expositione

242 1279 388 1318 dictum
406 1288 474 1327 eet,
493 1281 564 1319 hoc
581 1281 718 1319 modo:
746 1282 773 1304 ‘⁴
787 1281 935 1332 Hagno
948 1282 1050 1319 malo
1064 1288 1119 1319 aet
1134 1279 1355 1318 hominibus

243 1333 411 1381 avaritia,
437 1334 573 1372 idcirco
597 1335 699 1386 quod
721 1335 894 1373 homines
916 1334 1065 1386 magnis
1090 1341 1127 1372 et
1143 1332 1304 1372 multis
1293 1345 1353 1370 ιιι-

242 1387 448 1426 commodis
477 1388 736 1426 conflictantur
763 1396 915 1439 propter
936 1389 1163 1426 immensam
1183 1386 1354 1439 pecuniae

242 1440 527 1491 cupiditatemss’
556 1442 663 1480 Nam
675 1442 739 1480 hic
753 1442 834 1479 aliis
848 1442 970 1480 verbis
980 1441 1081 1480 idem
1091 1454 1159 1493 per
1168 1440 1354 1479 rationem

242 1493 392 1541 dicitur,
413 1495 516 1555 quod
533 1495 677 1533 dictum
696 1503 750 1533 oet
767 1508 833 1546 per
851 1496 1134 1547 expositionem.
1171 1493 1305 1532 Item
1293 1506 1353 1531 ιιι-

242 1547 353 1585 firma
369 1549 463 1586 ratio
482 1556 549 1596 est,
566 1562 652 1601 quae
669 1549 795 1590 minus
809 1548 997 1610 idoneam,
1012 1562 1130 1601 quam
1147 1561 1205 1586 res
1222 1554 1353 1598 postu·

240 1600 309 1647 lat,
330 1614 481 1639 causam
499 1602 648 1651 subjicit
666 1602 919 1653 expositionis,
939 1603 1011 1640 hoc
1027 1602 1165 1640 modo.
1195 1603 1223 1624 ‘⁴
1236 1600 1354 1645 Utilis

242 1661 297 1691 aet
311 1655 503 1705 sapientia,
523 1663 718 1706 propterea
736 1656 852 1707 quod,
872 1656 939 1707 qui
957 1656 1140 1707 sapientes
1158 1662 1259 1702 sunt,
1272 1654 1353 1714 pie-

241 1714 359 1745 tatem
384 1709 501 1746 colere
526 1710 791 1747 consuerunt.”
830 1710 971 1747 Item‘
976 1709 1109 1747 ‘Utile
1133 1714 1188 1746 aet
1211 1708 1351 1745 amicos

241 1773 346 1798 veros
363 1761 459 1798 habe
442 1775 519 1799 re:
545 1762 682 1800 habeas
701 1763 802 1800 enim
820 1763 1044 1814 quibuscum
1060 1761 1178 1812 jocari
1191 1760 1350 1812 possis.”

242 1814 363 1861 Nam,
383 1815 630 1864 hujusmodi·
620 1828 661 1852 m
678 1816 898 1876 rationibus,
917 1828 994 1853 non
1016 1815 1204 1861 universa,
1227 1826 1352 1865 neque

242 1868 427 1913 absoluta,
443 1868 506 1905 sed
519 1870 719 1907 extenuata
730 1869 885 1915 ratione,
899 1869 1081 1920 expositio
1095 1867 1349 1907 confirmatur.

241 1921 343 1958 Item
360 1920 511 1958 infirma
529 1922 622 1959 ratio
642 1930 710 1969 est,
731 1935 817 1973 quae
831 1923 890 1960 vel
909 1922 972 1960 alii
991 1921 1215 1973 expositioni
1228 1927 1351 1972 potest

241 1974 526 2021 accommodari,
553 1982 597 2012 ut
620 1975 710 2013 facit
734 1976 936 2023 Pacuvius,
957 1975 1024 2027 qui
1047 1975 1218 2013 eamdem
1242 1973 1350 2012 affert

240 2027 437 2075 rationem,
458 2040 574 2079 quare
598 2041 706 2076 caeca,
726 2029 911 2076 eamdem,
932 2042 1048 2090 quare
1068 2030 1181 2067 bruta
1197 2027 1350 2071 fortuna

240 2080 396 2118 dicatur.
438 2082 486 2118 In
511 2081 792 2120 confirmatione
813 2082 979 2129 rationis,
1001 2082 1125 2120 multa
1142 2089 1180 2120 et
1196 2079 1350 2119 vitanda

236 2133 280 2170 in
295 2134 434 2182 nostra,
451 2142 487 2172 et
500 2135 752 2174 observanda·
741 2148 782 2173 m
795 2110 1091 2174 adversariorum
1104 2135 1247 2173 ratione
1258 2140 1349 2172 sunt

240 2187 356 2234 vitia3
390 2196 662 2240 proptereaque
689 2189 906 2241 diligentius
935 2188 1215 2237 consideranda,
1244 2186 1349 2239 quod
