1456 2396
334 109 412 149 DE
440 109 693 159 FINIBUS,
725 112 825 151 Lm.
846 113 903 151 ΙΙ.
928 114 1033 153 ΟΑΡ.
1053 115 1118 153 30.
1208 115 1286 152 415

168 231 308 258 saxum
337 218 436 257 illud
463 219 677 259 Lemnium
700 222 866 262 clamore
892 223 1139 262 Phiioctetaeo
1157 222 1288 262 funes-

165 281 259 325 tare,

247 356 276 378 “
296 353 414 402 Quod
432 354 592 404 ejulatu,
610 367 761 407 questu,
782 360 944 409 gemitu,
964 359 1181 398 fremitibus

246 408 491 457 Resonando,
511 418 682 457 mutum,
702 412 846 451 flebiles
865 426 973 452 voces
990 413 1116 452 refert.
1121 414 1146 431 '⁹

162 484 271 524 Huic
288 485 482 537 Epicurus
500 493 694 537 comparet
713 499 766 535 se,
787 487 818 525 si
836 495 986 539 potest:

243 568 273 589 “
293 565 382 614 Cui,
403 564 574 616 viperino
591 577 736 614 morsu,
758 579 863 604 venae
882 567 1084 615 viscerum,

240 620 405 660 Veneno
421 619 596 669 imbutae,
616 628 732 658 tetros
751 621 938 659 cruciatus
957 622 1098 660 cient.’'

158 697 218 736 Sit
234 695 428 748 Epicurus
448 695 661 734 Philocteta
677 711 688 734 ε
722 700 749 718 “
765 696 798 735 si
816 697 941 748 gravis
969 698 1090 746 dolor,
1111 698 1277 738 brevis.'’

154 751 216 790 At
242 751 326 800 jam
359 750 552 788 decimum
581 763 728 788 annum
760 750 801 788 in
833 752 1014 802 spelunca⁴
1040 753 1154 802 jacet.
1186 757 1213 776 “
1234 753 1278 793 Si

154 806 307 857 longus,
327 804 421 843 levis
437 805 479 842 :'‘
507 804 573 842 dat
592 804 695 847 enim
709 805 922 853 intervalla,
944 815 980 844 et
1003 807 1159 845 relaxat.
1189 808 1277 846 Pri-

152 872 280 908 mum,
301 871 378 897 non
398 872 497 910 saepe
513 873 523 896 ε
546 858 683 897 deinde
703 873 790 911 quae
801 868 856 898 est
874 860 947 898 ista
965 861 1162 908 relaxatio,
1185 874 1275 900 cum

153 922 194 953 et
220 913 402 966 praeteriti
431 913 570 951 doloris
599 914 786 952 memoria
817 927 945 952 recens
973 924 1043 962 est,
1085 924 1121 954 et
1153 917 1276 954 futuri

151 975 269 1020 atque
286 967 542 1019 impendentis
560 974 712 1020 torquet
730 968 876 1007 timor?
905 969 1112 1017 Moriatur,
1133 970 1272 1022 inquit.

151 1023 327 1061 Fortasse
345 1022 386 1060 id
404 1021 622 1074 optimum,
611 1035 621 1045 ·
653 1022 718 1060 sed
736 1023 805 1061 ubi
823 1022 934 1071 illud,
963 1026 992 1046 ‘⁶
1008 1023 1104 1062 Plus
1123 1037 1272 1076 semper

148 1076 382 1129 voluptatis.
372 1076 419 1105 ²’'
448 1076 479 1114 si
499 1076 602 1114 enim
631 1076 685 1114 ita
704 1084 773 1126 est,
793 1077 880 1116 vide
907 1090 956 1115 ne
974 1077 1120 1117 facinus
1139 1079 1269 1127 facias,

148 1144 240 1171 cum
267 1130 367 1169 mori
386 1130 557 1169 suadeas.
587 1130 723 1169 Potius
743 1145 832 1183 ergo
855 1132 924 1170 ina
942 1131 1130 1180 dicantur,
1158 1143 1270 1186 turpe

146 1199 227 1225 esse
244 1185 326 1224 viro
344 1184 547 1232 debilitari,
567 1185 696 1224 dolore
713 1185 853 1247 frangi,
874 1188 1144 1225 succumbere·
1175 1200 1268 1227 nam

145 1241 220 1280 ista
237 1247 374 1289 vestra,
396 1243 424 1262 ‘⁶
441 1240 483 1279 Si
501 1240 640 1291 graviS,
658 1241 796 1286 brevis,
817 1241 848 1278 si
860 1241 1013 1292 longus,
1033 1241 1140 1288 levis,
1145 1242 1170 1260 '’
1190 1243 1271 1281 dic-

146 1302 227 1334 tata
246 1301 346 1333 sunt.
376 1294 557 1341 Virtutis,
577 1294 855 1345 magnitudinis
889 1295 1024 1344 animi,
1058 1296 1266 1348 patientiae‚

144 1348 378 1388 fortitudinis
395 1348 576 1387 fomentis
594 1348 701 1387 dolor
719 1349 888 1401 mitigari
907 1349 1012 1389 solet.

195 1403 337 1442 XXX.
362 1403 488 1451 Audi,
509 1406 574 1447 (ne
592 1403 706 1455 longe
725 1403 879 1454 abeam)
899 1404 1065 1443 moriens
1093 1405 1188 1457 quid
1206 1406 1266 1445 di-

142 1466 204 1498 cat
221 1458 442 1510 Epicurus;
473 1464 510 1496 et
527 1458 712 1509 intellige,
728 1458 828 1496 facta
847 1460 929 1508 ejus
948 1472 1037 1496 cum
1057 1459 1166 1498 dictis
1185 1461 1266 1499 dis-

140 1526 304 1565 crepare.
332 1512 527 1563 Epicurus
546 1511 768 1550 Hermacho
784 1513 824 1551 S.
856 1516 883 1535 ‘⁶
901 1512 1002 1551 Cum
1018 1517 1264 1565 ageremus,'’

137 1567 279 1618 inquit,
302 1568 330 1589 “
348 1567 434 1605 vitae
452 1568 624 1614 beatum,
642 1574 679 1605 et
697 1567 876 1606 eumdem
897 1581 1121 1619 supremum
1143 1569 1262 1618 diem,

137 1622 397 1661 scribebamus
415 1621 509 1660 haec.
538 1621 660 1659 Tanti
688 1629 818 1660 autem
836 1622 962 1660 morbi
980 1622 1137 1661 aderant
1165 1625 1262 1663 vesi-

136 1689 191 1716 cae
222 1683 260 1715 et
292 1676 496 1722 viscerum,
518 1683 563 1714 ut
590 1675 690 1713 nihil
715 1676 764 1714 ad
790 1689 923 1715 eorum
950 1677 1260 1728 magnitudinem

136 1737 266 1783 posset
283 1730 500 1769 accedere-'⁹
527 1730 630 1769 Ecce
648 1730 833 1769 miserum
858 1731 1070 1780 hominem,
1102 1732 1134 1770 si
1153 1733 1261 1771 dolor

133 1798 333 1824 summum
350 1784 501 1823 malum
516 1792 583 1824 est.
610 1784 701 1823 Dici
715 1786 824 1824 aliter
835 1797 912 1823 non
930 1793 1066 1837 potest.
1095 1787 1171 1826 Sed
1190 1801 1260 1831 au÷

132 1839 286 1878 diamus
316 1839 470 1891 ipsum:
510 1842 540 1862 ‘⁶
563 1839 894 1891 Compensabatur
912 1841 1086 1888 tamen,’'
1114 1841 1257 1893 inquit,

134 1897 165 1918 ‘⁶
185 1907 276 1932 cum
304 1894 365 1932 his
383 1893 563 1933 omnibus
591 1893 711 1932 animi
734 1894 881 1942 laetitia,
913 1907 1032 1946 quam
1058 1896 1256 1947 capiebam

131 1948 319 1987 memoria
337 1948 546 1995 rationum,
573 1949 897 2001 inventorumque
921 1956 1149 1988 nostrorum.
1180 1950 1257 1990 Sed

125 2011 186 2051 tu,
205 2009 250 2041 ut
268 2002 432 2054 dignum
445 2010 502 2041 est
519 2003 589 2041 tu‘a
607 2016 697 2054 erga
714 2016 778 2042 me
803 2011 841 2042 et
865 2016 954 2054 erga
971 2003 1255 2055 philosophiam

129 2058 342 2105 voluntate,
373 2058 422 2095 ab
452 2057 733 2096 adolescentulo
752 2058 941 2109 suscepta,
961 2058 1021 2096 fac
1040 2066 1084 2096 ut
1102 2058 1255 2098 Metro-

128 2111 213 2150 dori
246 2118 375 2150 tueare
399 2110 580 2150 liberos.”
617 2112 713 2150 Non
741 2125 811 2163 ego
841 2113 925 2162 jam
951 2105 1250 2163 Epaminondae,

127 2179 205 2204 non
234 2165 418 2204 Leonidae
444 2173 609 2204 mortem
631 2166 751 2216 hujus
768 2166 885 2204 morti
911 2174 1125 2218 antepon03
1156 2181 1256 2219 quo-

125 2233 214 2265 rum
233 2220 343 2269 alter,
369 2233 459 2260 cum
479 2220 627 2261 vicisset
645 2220 955 2261 Lacedaemonios
979 2221 1083 2273 apud
1102 2221 1258 2262 Manti-
