<?xml version="1.0" encoding="UTF-8"?>
<!DOCTYPE html PUBLIC "-//W3C//DTD XHTML 1.0 Transitional//EN"
    "http://www.w3.org/TR/xhtml1/DTD/xhtml1-transitional.dtd">
<html xmlns="http://www.w3.org/1999/xhtml" xml:lang="en" lang="en">
 <head>
  <title>
</title>
<meta http-equiv="Content-Type" content="text/html;charset=utf-8" />
  <meta name='ocr-system' content='tesseract 3.04.00' />
  <meta name='ocr-capabilities' content='ocr_page ocr_carea ocr_par ocr_line ocrx_word'/>
</head>
<body>
  <div class='ocr_page' id='page_1' title='image "./operaern02ciceuoft_0368.png"; bbox 0 0 1456 2396; ppageno 0'>
   <div class='ocr_carea' id='block_1_1' title="bbox 188 76 1129 129">
    <p class='ocr_par' dir='ltr' id='par_1_1' title="bbox 188 76 1129 129">
     <span class='ocr_line' id='line_1_1' title="bbox 188 76 1129 129; baseline 0 -11"><span class='ocrx_word' id='word_1_1' title='bbox 188 80 271 118; x_wconf 78' lang='lat'>354</span> <span class='ocrx_word' id='word_1_2' title='bbox 383 77 462 118; x_wconf 89' lang='lat' dir='ltr'>DE</span> <span class='ocrx_word' id='word_1_3' title='bbox 492 77 744 129; x_wconf 80' lang='lat' dir='ltr'>FINIBUS,</span> <span class='ocrx_word' id='word_1_4' title='bbox 774 77 876 118; x_wconf 78' lang='lat' dir='ltr'>Lm.</span> <span class='ocrx_word' id='word_1_5' title='bbox 896 76 933 118; x_wconf 89' lang='grc' dir='ltr'>Ι.</span> <span class='ocrx_word' id='word_1_6' title='bbox 955 77 1071 118; x_wconf 65' lang='lat' dir='ltr'>cm».</span> <span class='ocrx_word' id='word_1_7' title='bbox 1090 80 1129 117; x_wconf 80' lang='grc'>5.</span> 
     </span>
    </p>
   </div>
   <div class='ocr_carea' id='block_1_2' title="bbox 159 186 1315 2250">
    <p class='ocr_par' dir='ltr' id='par_1_2' title="bbox 183 186 1315 295">
     <span class='ocr_line' id='line_1_2' title="bbox 184 186 1315 240; baseline 0.001 -14"><span class='ocrx_word' id='word_1_8' title='bbox 184 187 351 239; x_wconf 90' lang='lat' dir='ltr'>quisque</span> <span class='ocrx_word' id='word_1_9' title='bbox 369 187 518 237; x_wconf 80' lang='lat' dir='ltr'>tribuit,</span> <span class='ocrx_word' id='word_1_10' title='bbox 539 187 634 240; x_wconf 85' lang='lat' dir='ltr'>quid</span> <span class='ocrx_word' id='word_1_11' title='bbox 651 188 693 226; x_wconf 87' lang='lat' dir='ltr'>in</span> <span class='ocrx_word' id='word_1_12' title='bbox 710 187 818 227; x_wconf 88' lang='lat' dir='ltr'>omni</span> <span class='ocrx_word' id='word_1_13' title='bbox 835 200 997 227; x_wconf 85' lang='lat' dir='ltr'>munere</span> <span class='ocrx_word' id='word_1_14' title='bbox 1013 187 1104 227; x_wconf 79' lang='lat' dir='ltr'>vitae</span> <span class='ocrx_word' id='word_1_15' title='bbox 1121 186 1315 240; x_wconf 75' lang='lat' dir='ltr'>optimum</span> 
     </span>
     <span class='ocr_line' id='line_1_3' title="bbox 183 243 819 295; baseline 0.003 -15"><span class='ocrx_word' id='word_1_16' title='bbox 183 249 225 280; x_wconf 87' lang='lat' dir='ltr'>et</span> <span class='ocrx_word' id='word_1_17' title='bbox 243 243 487 281; x_wconf 88' lang='lat' dir='ltr'>verissimum</span> <span class='ocrx_word' id='word_1_18' title='bbox 506 243 568 290; x_wconf 87' lang='lat' dir='ltr'>sit,</span> <span class='ocrx_word' id='word_1_19' title='bbox 589 243 819 295; x_wconf 82' lang='lat' dir='ltr'>exquirere?</span> 
     </span>
    </p>

    <p class='ocr_par' dir='ltr' id='par_1_3' title="bbox 173 294 1312 783">
     <span class='ocr_line' id='line_1_4' title="bbox 237 294 1312 348; baseline -0.001 -13"><span class='ocrx_word' id='word_1_20' title='bbox 237 296 322 345; x_wconf 90' lang='lat' dir='ltr'>An,</span> <span class='ocrx_word' id='word_1_21' title='bbox 351 305 484 348; x_wconf 87' lang='lat' dir='ltr'>partus</span> <span class='ocrx_word' id='word_1_22' title='bbox 504 297 652 335; x_wconf 90' lang='lat' dir='ltr'>ancillae</span> <span class='ocrx_word' id='word_1_23' title='bbox 671 298 768 335; x_wconf 87' lang='lat' dir='ltr'>sitne</span> <span class='ocrx_word' id='word_1_24' title='bbox 786 297 826 335; x_wconf 91' lang='lat' dir='ltr'>in</span> <span class='ocrx_word' id='word_1_25' title='bbox 846 296 974 335; x_wconf 88' lang='lat' dir='ltr'>fructu</span> <span class='ocrx_word' id='word_1_26' title='bbox 999 294 1214 345; x_wconf 88' lang='lat' dir='ltr'>habendus,</span> <span class='ocrx_word' id='word_1_27' title='bbox 1235 295 1312 334; x_wconf 88' lang='lat' dir='ltr'>dis-</span> 
     </span>
     <span class='ocr_line' id='line_1_5' title="bbox 173 349 1309 403; baseline 0 -15"><span class='ocrx_word' id='word_1_28' title='bbox 173 358 328 388; x_wconf 71' lang='lat' dir='ltr'>seretur</span> <span class='ocrx_word' id='word_1_29' title='bbox 355 352 456 389; x_wconf 90' lang='lat' dir='ltr'>inter</span> <span class='ocrx_word' id='word_1_30' title='bbox 482 351 672 403; x_wconf 88' lang='lat' dir='ltr'>principes</span> <span class='ocrx_word' id='word_1_31' title='bbox 699 351 876 399; x_wconf 87' lang='lat' dir='ltr'>civitatis,</span> <span class='ocrx_word' id='word_1_32' title='bbox 910 351 956 388; x_wconf 91' lang='lat' dir='ltr'>P.</span> <span class='ocrx_word' id='word_1_33' title='bbox 989 350 1215 398; x_wconf 86' lang='lat' dir='ltr'>Scaevolam,</span> <span class='ocrx_word' id='word_1_34' title='bbox 1244 349 1309 388; x_wconf 88' lang='grc' dir='ltr'>Μ’</span> 
     </span>
     <span class='ocr_line' id='line_1_6' title="bbox 182 398 1311 458; baseline 0.001 -17"><span class='ocrx_word' id='word_1_35' title='bbox 182 403 413 454; x_wconf 71' lang='lat' dir='ltr'>BIanilium,</span> <span class='ocrx_word' id='word_1_36' title='bbox 443 407 491 443; x_wconf 90' lang='lat' dir='ltr'>ab</span> <span class='ocrx_word' id='word_1_37' title='bbox 510 405 647 458; x_wconf 85' lang='lat' dir='ltr'>hisque</span> <span class='ocrx_word' id='word_1_38' title='bbox 657 398 727 443; x_wconf 64' lang='grc' dir='ltr'>ἏΙ.</span> <span class='ocrx_word' id='word_1_39' title='bbox 749 407 898 444; x_wconf 91' lang='lat' dir='ltr'>Brutus</span> <span class='ocrx_word' id='word_1_40' title='bbox 916 404 1112 443; x_wconf 80' lang='lat' dir='ltr'>dissentiet</span> <span class='ocrx_word' id='word_1_41' title='bbox 1131 403 1254 456; x_wconf 89' lang='lat' dir='ltr'>(quod</span> <span class='ocrx_word' id='word_1_42' title='bbox 1273 411 1311 442; x_wconf 88' lang='lat' dir='ltr'>et</span> 
     </span>
     <span class='ocr_line' id='line_1_7' title="bbox 180 458 1310 511; baseline 0 -15"><span class='ocrx_word' id='word_1_43' title='bbox 180 467 339 497; x_wconf 86' lang='lat' dir='ltr'>acutum</span> <span class='ocrx_word' id='word_1_44' title='bbox 365 472 487 511; x_wconf 89' lang='lat' dir='ltr'>genus</span> <span class='ocrx_word' id='word_1_45' title='bbox 513 467 582 509; x_wconf 90' lang='lat' dir='ltr'>est,</span> <span class='ocrx_word' id='word_1_46' title='bbox 609 468 647 498; x_wconf 92' lang='lat' dir='ltr'>et</span> <span class='ocrx_word' id='word_1_47' title='bbox 672 459 720 498; x_wconf 81' lang='lat' dir='ltr'>ad</span> <span class='ocrx_word' id='word_1_48' title='bbox 750 473 843 498; x_wconf 86' lang='lat' dir='ltr'>usus</span> <span class='ocrx_word' id='word_1_49' title='bbox 869 458 1012 497; x_wconf 85' lang='lat' dir='ltr'>civium</span> <span class='ocrx_word' id='word_1_50' title='bbox 1036 471 1115 497; x_wconf 91' lang='lat' dir='ltr'>non</span> <span class='ocrx_word' id='word_1_51' title='bbox 1139 458 1310 505; x_wconf 83' lang='lat' dir='ltr'>inutile),</span> 
     </span>
     <span class='ocr_line' id='line_1_8' title="bbox 181 512 1311 566; baseline 0 -16"><span class='ocrx_word' id='word_1_52' title='bbox 181 525 327 564; x_wconf 88' lang='lat' dir='ltr'>nosque</span> <span class='ocrx_word' id='word_1_53' title='bbox 347 527 391 552; x_wconf 89' lang='lat' dir='ltr'>ea</span> <span class='ocrx_word' id='word_1_54' title='bbox 410 514 563 565; x_wconf 86' lang='lat' dir='ltr'>scripta,</span> <span class='ocrx_word' id='word_1_55' title='bbox 592 514 818 566; x_wconf 88' lang='lat' dir='ltr'>reliquaque</span> <span class='ocrx_word' id='word_1_56' title='bbox 841 513 1014 563; x_wconf 90' lang='lat' dir='ltr'>ejusdem</span> <span class='ocrx_word' id='word_1_57' title='bbox 1032 512 1182 564; x_wconf 88' lang='lat' dir='ltr'>generis</span> <span class='ocrx_word' id='word_1_58' title='bbox 1200 520 1238 552; x_wconf 87' lang='lat' dir='ltr'>et</span> <span class='ocrx_word' id='word_1_59' title='bbox 1256 512 1311 550; x_wconf 81' lang='lat' dir='ltr'>le-</span> 
     </span>
     <span class='ocr_line' id='line_1_9' title="bbox 179 566 1311 619; baseline 0 -14"><span class='ocrx_word' id='word_1_60' title='bbox 179 567 310 618; x_wconf 90' lang='lat' dir='ltr'>gimus</span> <span class='ocrx_word' id='word_1_61' title='bbox 333 569 510 616; x_wconf 84' lang='lat' dir='ltr'>libenter,</span> <span class='ocrx_word' id='word_1_62' title='bbox 537 576 575 607; x_wconf 90' lang='lat' dir='ltr'>et</span> <span class='ocrx_word' id='word_1_63' title='bbox 598 569 796 619; x_wconf 82' lang='lat' dir='ltr'>legemus3</span> <span class='ocrx_word' id='word_1_64' title='bbox 827 568 923 615; x_wconf 84' lang='lat' dir='ltr'>haec,</span> <span class='ocrx_word' id='word_1_65' title='bbox 944 581 1032 619; x_wconf 84' lang='lat' dir='ltr'>quae</span> <span class='ocrx_word' id='word_1_66' title='bbox 1050 567 1170 606; x_wconf 87' lang='lat' dir='ltr'>vitam</span> <span class='ocrx_word' id='word_1_67' title='bbox 1190 566 1311 606; x_wconf 85' lang='lat' dir='ltr'>conti-</span> 
     </span>
     <span class='ocr_line' id='line_1_10' title="bbox 178 621 1310 674; baseline 0.001 -16"><span class='ocrx_word' id='word_1_68' title='bbox 178 629 273 659; x_wconf 87' lang='lat' dir='ltr'>nent</span> <span class='ocrx_word' id='word_1_69' title='bbox 291 635 461 669; x_wconf 90' lang='lat' dir='ltr'>omnem,</span> <span class='ocrx_word' id='word_1_70' title='bbox 487 623 760 674; x_wconf 80' lang='lat' dir='ltr'>negligentur?</span> <span class='ocrx_word' id='word_1_71' title='bbox 792 623 914 669; x_wconf 85' lang='lat' dir='ltr'>Nam,</span> <span class='ocrx_word' id='word_1_72' title='bbox 935 630 979 659; x_wconf 89' lang='lat' dir='ltr'>ut</span> <span class='ocrx_word' id='word_1_73' title='bbox 997 621 1074 660; x_wconf 91' lang='lat' dir='ltr'>sint</span> <span class='ocrx_word' id='word_1_74' title='bbox 1092 621 1160 659; x_wconf 90' lang='lat' dir='ltr'>illa</span> <span class='ocrx_word' id='word_1_75' title='bbox 1178 621 1310 660; x_wconf 89' lang='lat' dir='ltr'>vendi-</span> 
     </span>
     <span class='ocr_line' id='line_1_11' title="bbox 179 675 1311 728; baseline 0 -15"><span class='ocrx_word' id='word_1_76' title='bbox 179 676 330 724; x_wconf 85' lang='lat' dir='ltr'>biliora,</span> <span class='ocrx_word' id='word_1_77' title='bbox 350 676 432 716; x_wconf 85' lang='lat' dir='ltr'>haec</span> <span class='ocrx_word' id='word_1_78' title='bbox 450 677 626 715; x_wconf 86' lang='lat' dir='ltr'>uberiora</span> <span class='ocrx_word' id='word_1_79' title='bbox 643 685 742 715; x_wconf 90' lang='lat' dir='ltr'>certe</span> <span class='ocrx_word' id='word_1_80' title='bbox 760 684 874 715; x_wconf 87' lang='lat' dir='ltr'>sunt:</span> <span class='ocrx_word' id='word_1_81' title='bbox 905 688 1146 728; x_wconf 86' lang='lat' dir='ltr'>quamquam</span> <span class='ocrx_word' id='word_1_82' title='bbox 1163 675 1205 714; x_wconf 88' lang='lat' dir='ltr'>id</span> <span class='ocrx_word' id='word_1_83' title='bbox 1223 675 1311 728; x_wconf 91' lang='lat' dir='ltr'>qui-</span> 
     </span>
     <span class='ocr_line' id='line_1_12' title="bbox 177 729 1010 783; baseline 0 -15"><span class='ocrx_word' id='word_1_84' title='bbox 177 729 268 768; x_wconf 91' lang='lat' dir='ltr'>dem</span> <span class='ocrx_word' id='word_1_85' title='bbox 286 730 415 769; x_wconf 84' lang='lat' dir='ltr'>licebit</span> <span class='ocrx_word' id='word_1_86' title='bbox 433 731 478 770; x_wconf 86' lang='lat' dir='ltr'>iis</span> <span class='ocrx_word' id='word_1_87' title='bbox 498 731 728 778; x_wconf 86' lang='lat' dir='ltr'>existimare,</span> <span class='ocrx_word' id='word_1_88' title='bbox 749 731 818 783; x_wconf 84' lang='lat' dir='ltr'>qui</span> <span class='ocrx_word' id='word_1_89' title='bbox 835 730 1010 782; x_wconf 85' lang='lat' dir='ltr'>legerint.</span> 
     </span>
    </p>

    <p class='ocr_par' dir='ltr' id='par_1_4' title="bbox 173 783 1310 1095">
     <span class='ocr_line' id='line_1_13' title="bbox 234 783 1309 837; baseline 0 -14"><span class='ocrx_word' id='word_1_90' title='bbox 234 785 319 823; x_wconf 91' lang='lat' dir='ltr'>Nos</span> <span class='ocrx_word' id='word_1_91' title='bbox 344 793 475 824; x_wconf 86' lang='lat' dir='ltr'>autem</span> <span class='ocrx_word' id='word_1_92' title='bbox 500 785 600 824; x_wconf 89' lang='lat' dir='ltr'>hanc</span> <span class='ocrx_word' id='word_1_93' title='bbox 625 798 781 824; x_wconf 88' lang='lat' dir='ltr'>omnem</span> <span class='ocrx_word' id='word_1_94' title='bbox 809 785 1061 837; x_wconf 85' lang='lat' dir='ltr'>quaestionern</span> <span class='ocrx_word' id='word_1_95' title='bbox 1091 784 1139 823; x_wconf 91' lang='lat' dir='ltr'>de</span> <span class='ocrx_word' id='word_1_96' title='bbox 1166 783 1309 823; x_wconf 89' lang='lat' dir='ltr'>finibus</span> 
     </span>
     <span class='ocr_line' id='line_1_14' title="bbox 176 839 1310 891; baseline 0 -14"><span class='ocrx_word' id='word_1_97' title='bbox 176 839 368 877; x_wconf 87' lang='lat' dir='ltr'>bonorum</span> <span class='ocrx_word' id='word_1_98' title='bbox 399 847 437 878; x_wconf 84' lang='lat' dir='ltr'>et</span> <span class='ocrx_word' id='word_1_99' title='bbox 466 840 659 878; x_wconf 87' lang='lat' dir='ltr'>malorum</span> <span class='ocrx_word' id='word_1_100' title='bbox 684 840 762 878; x_wconf 88' lang='lat' dir='ltr'>fere</span> <span class='ocrx_word' id='word_1_101' title='bbox 787 854 810 878; x_wconf 90' lang='lat' dir='ltr'>a</span> <span class='ocrx_word' id='word_1_102' title='bbox 834 839 945 878; x_wconf 88' lang='lat' dir='ltr'>nobis</span> <span class='ocrx_word' id='word_1_103' title='bbox 969 839 1201 891; x_wconf 82' lang='lat' dir='ltr'>explicatam</span> <span class='ocrx_word' id='word_1_104' title='bbox 1230 851 1310 877; x_wconf 57' lang='lat' dir='ltr'>esse</span> 
     </span>
     <span class='ocr_line' id='line_1_15' title="bbox 174 893 1306 946; baseline -0.001 -14"><span class='ocrx_word' id='word_1_105' title='bbox 174 893 236 931; x_wconf 85' lang='lat' dir='ltr'>his</span> <span class='ocrx_word' id='word_1_106' title='bbox 253 894 371 932; x_wconf 90' lang='lat' dir='ltr'>literis</span> <span class='ocrx_word' id='word_1_107' title='bbox 390 894 636 940; x_wconf 78' lang='lat' dir='ltr'>arbitramur,</span> <span class='ocrx_word' id='word_1_108' title='bbox 657 894 697 932; x_wconf 92' lang='lat' dir='ltr'>in</span> <span class='ocrx_word' id='word_1_109' title='bbox 713 894 869 946; x_wconf 90' lang='lat' dir='ltr'>quibus,</span> <span class='ocrx_word' id='word_1_110' title='bbox 886 901 1078 945; x_wconf 88' lang='lat' dir='ltr'>quantum</span> <span class='ocrx_word' id='word_1_111' title='bbox 1092 893 1306 945; x_wconf 89' lang='lat' dir='ltr'>potuimus,</span> 
     </span>
     <span class='ocr_line' id='line_1_16' title="bbox 175 947 1309 1000; baseline 0 -15"><span class='ocrx_word' id='word_1_112' title='bbox 175 959 253 986; x_wconf 92' lang='lat' dir='ltr'>non</span> <span class='ocrx_word' id='word_1_113' title='bbox 271 948 402 993; x_wconf 86' lang='lat' dir='ltr'>modo,</span> <span class='ocrx_word' id='word_1_114' title='bbox 431 948 526 999; x_wconf 85' lang='lat' dir='ltr'>quid</span> <span class='ocrx_word' id='word_1_115' title='bbox 552 948 662 987; x_wconf 87' lang='lat' dir='ltr'>nobis</span> <span class='ocrx_word' id='word_1_116' title='bbox 681 950 920 1000; x_wconf 90' lang='lat' dir='ltr'>probaretur,</span> <span class='ocrx_word' id='word_1_117' title='bbox 941 947 1007 986; x_wconf 88' lang='lat' dir='ltr'>sed</span> <span class='ocrx_word' id='word_1_118' title='bbox 1025 948 1142 986; x_wconf 89' lang='lat' dir='ltr'>etiam</span> <span class='ocrx_word' id='word_1_119' title='bbox 1161 947 1257 998; x_wconf 87' lang='lat' dir='ltr'>quid</span> <span class='ocrx_word' id='word_1_120' title='bbox 1283 961 1309 985; x_wconf 91' lang='lat' dir='ltr'>a</span> 
     </span>
     <span class='ocr_line' id='line_1_17' title="bbox 175 1001 1308 1055; baseline 0 -15"><span class='ocrx_word' id='word_1_121' title='bbox 175 1002 338 1054; x_wconf 82' lang='lat' dir='ltr'>singulis</span> <span class='ocrx_word' id='word_1_122' title='bbox 366 1002 619 1055; x_wconf 84' lang='lat' dir='ltr'>philosophiae</span> <span class='ocrx_word' id='word_1_123' title='bbox 648 1002 859 1055; x_wconf 82' lang='lat' dir='ltr'>disciplinis</span> <span class='ocrx_word' id='word_1_124' title='bbox 887 1002 1088 1052; x_wconf 82' lang='lat' dir='ltr'>diceretur,</span> <span class='ocrx_word' id='word_1_125' title='bbox 1118 1001 1308 1054; x_wconf 85' lang='lat' dir='ltr'>persecuti</span> 
     </span>
     <span class='ocr_line' id='line_1_18' title="bbox 173 1069 321 1095; baseline 0 -1"><span class='ocrx_word' id='word_1_126' title='bbox 173 1069 321 1095; x_wconf 88' lang='lat' dir='ltr'>sumus.</span> 
     </span>
    </p>

    <p class='ocr_par' dir='ltr' id='par_1_5' title="bbox 159 1110 1307 2250">
     <span class='ocr_line' id='line_1_19' title="bbox 229 1110 1307 1163; baseline 0.001 -15"><span class='ocrx_word' id='word_1_127' title='bbox 229 1111 280 1149; x_wconf 93' lang='lat' dir='ltr'>V.</span> <span class='ocrx_word' id='word_1_128' title='bbox 311 1111 369 1149; x_wconf 90' lang='lat' dir='ltr'>Ut</span> <span class='ocrx_word' id='word_1_129' title='bbox 387 1119 517 1150; x_wconf 87' lang='lat' dir='ltr'>autem</span> <span class='ocrx_word' id='word_1_130' title='bbox 544 1125 567 1149; x_wconf 92' lang='lat' dir='ltr'>a</span> <span class='ocrx_word' id='word_1_131' title='bbox 589 1110 784 1151; x_wconf 80' lang='lat' dir='ltr'>facillimis</span> <span class='ocrx_word' id='word_1_132' title='bbox 803 1110 1014 1159; x_wconf 88' lang='lat' dir='ltr'>ordiamur,</span> <span class='ocrx_word' id='word_1_133' title='bbox 1033 1111 1161 1163; x_wconf 90' lang='lat' dir='ltr'>prima</span> <span class='ocrx_word' id='word_1_134' title='bbox 1178 1110 1307 1150; x_wconf 88' lang='lat' dir='ltr'>veniat</span> 
     </span>
     <span class='ocr_line' id='line_1_20' title="bbox 172 1164 1307 1218; baseline 0.002 -15"><span class='ocrx_word' id='word_1_135' title='bbox 172 1164 215 1203; x_wconf 91' lang='lat' dir='ltr'>in</span> <span class='ocrx_word' id='word_1_136' title='bbox 245 1165 419 1203; x_wconf 82' lang='lat' dir='ltr'>medium</span> <span class='ocrx_word' id='word_1_137' title='bbox 445 1166 607 1217; x_wconf 84' lang='lat' dir='ltr'>Epicuri</span> <span class='ocrx_word' id='word_1_138' title='bbox 636 1166 746 1212; x_wconf 88' lang='lat' dir='ltr'>ratio,</span> <span class='ocrx_word' id='word_1_139' title='bbox 778 1179 867 1218; x_wconf 89' lang='lat' dir='ltr'>quae</span> <span class='ocrx_word' id='word_1_140' title='bbox 891 1166 1083 1217; x_wconf 88' lang='lat' dir='ltr'>plerisque</span> <span class='ocrx_word' id='word_1_141' title='bbox 1108 1165 1307 1205; x_wconf 84' lang='lat' dir='ltr'>notissima</span> 
     </span>
     <span class='ocr_line' id='line_1_21' title="bbox 171 1220 1306 1272; baseline 0 -15"><span class='ocrx_word' id='word_1_142' title='bbox 171 1227 227 1258; x_wconf 90' lang='lat' dir='ltr'>est</span> <span class='ocrx_word' id='word_1_143' title='bbox 242 1234 251 1257; x_wconf 90' lang='lat'>:</span> <span class='ocrx_word' id='word_1_144' title='bbox 284 1233 402 1271; x_wconf 91' lang='lat' dir='ltr'>quam</span> <span class='ocrx_word' id='word_1_145' title='bbox 418 1233 441 1258; x_wconf 92' lang='lat' dir='ltr'>a</span> <span class='ocrx_word' id='word_1_146' title='bbox 459 1221 568 1258; x_wconf 77' lang='lat' dir='ltr'>nobis</span> <span class='ocrx_word' id='word_1_147' title='bbox 587 1220 641 1259; x_wconf 87' lang='lat' dir='ltr'>sic</span> <span class='ocrx_word' id='word_1_148' title='bbox 659 1220 849 1272; x_wconf 85' lang='lat' dir='ltr'>intelliges</span> <span class='ocrx_word' id='word_1_149' title='bbox 864 1220 1093 1272; x_wconf 79' lang='lat' dir='ltr'>expositam,</span> <span class='ocrx_word' id='word_1_150' title='bbox 1114 1227 1159 1258; x_wconf 90' lang='lat' dir='ltr'>ut</span> <span class='ocrx_word' id='word_1_151' title='bbox 1177 1221 1227 1258; x_wconf 88' lang='lat' dir='ltr'>ab</span> <span class='ocrx_word' id='word_1_152' title='bbox 1245 1220 1306 1272; x_wconf 84' lang='lat' dir='ltr'>ip...</span> 
     </span>
     <span class='ocr_line' id='line_1_22' title="bbox 171 1274 1305 1326; baseline 0 -14"><span class='ocrx_word' id='word_1_153' title='bbox 171 1274 236 1321; x_wconf 87' lang='lat' dir='ltr'>sis,</span> <span class='ocrx_word' id='word_1_154' title='bbox 267 1274 335 1324; x_wconf 89' lang='lat' dir='ltr'>qui</span> <span class='ocrx_word' id='word_1_155' title='bbox 362 1287 447 1312; x_wconf 85' lang='lat' dir='ltr'>eam</span> <span class='ocrx_word' id='word_1_156' title='bbox 474 1275 716 1326; x_wconf 82' lang='lat' dir='ltr'>disciplinam</span> <span class='ocrx_word' id='word_1_157' title='bbox 741 1276 920 1326; x_wconf 89' lang='lat' dir='ltr'>probant,</span> <span class='ocrx_word' id='word_1_158' title='bbox 950 1287 1027 1313; x_wconf 90' lang='lat' dir='ltr'>non</span> <span class='ocrx_word' id='word_1_159' title='bbox 1054 1274 1172 1312; x_wconf 69' lang='lat' dir='ltr'>soloet</span> <span class='ocrx_word' id='word_1_160' title='bbox 1193 1287 1305 1313; x_wconf 81' lang='lat' dir='ltr'>accu-</span> 
     </span>
     <span class='ocr_line' id='line_1_23' title="bbox 170 1328 1302 1380; baseline 0 -14"><span class='ocrx_word' id='word_1_161' title='bbox 170 1328 290 1366; x_wconf 89' lang='lat' dir='ltr'>ratius</span> <span class='ocrx_word' id='word_1_162' title='bbox 309 1329 501 1380; x_wconf 84' lang='lat' dir='ltr'>explicari.</span> <span class='ocrx_word' id='word_1_163' title='bbox 534 1329 684 1368; x_wconf 77' lang='lat' dir='ltr'>Verum</span> <span class='ocrx_word' id='word_1_164' title='bbox 704 1329 808 1367; x_wconf 90' lang='lat' dir='ltr'>enim</span> <span class='ocrx_word' id='word_1_165' title='bbox 822 1329 992 1367; x_wconf 87' lang='lat' dir='ltr'>invenire</span> <span class='ocrx_word' id='word_1_166' title='bbox 1011 1329 1204 1376; x_wconf 87' lang='lat' dir='ltr'>volumus,</span> <span class='ocrx_word' id='word_1_167' title='bbox 1225 1341 1302 1367; x_wconf 88' lang='lat' dir='ltr'>non</span> 
     </span>
     <span class='ocr_line' id='line_1_24' title="bbox 169 1383 1304 1436; baseline 0.001 -16"><span class='ocrx_word' id='word_1_168' title='bbox 169 1390 372 1434; x_wconf 81' lang='lat' dir='ltr'>tamquam</span> <span class='ocrx_word' id='word_1_169' title='bbox 387 1383 647 1422; x_wconf 85' lang='lat' dir='ltr'>adversarium</span> <span class='ocrx_word' id='word_1_170' title='bbox 662 1383 832 1436; x_wconf 86' lang='lat' dir='ltr'>aliquem</span> <span class='ocrx_word' id='word_1_171' title='bbox 847 1383 1080 1422; x_wconf 80' lang='lat' dir='ltr'>convincere.</span> <span class='ocrx_word' id='word_1_172' title='bbox 1108 1383 1304 1422; x_wconf 88' lang='lat' dir='ltr'>Accurate</span> 
     </span>
     <span class='ocr_line' id='line_1_25' title="bbox 169 1437 1303 1490; baseline 0.002 -15"><span class='ocrx_word' id='word_1_173' title='bbox 169 1446 300 1475; x_wconf 89' lang='lat' dir='ltr'>autem</span> <span class='ocrx_word' id='word_1_174' title='bbox 327 1437 523 1489; x_wconf 82' lang='lat' dir='ltr'>quondam</span> <span class='ocrx_word' id='word_1_175' title='bbox 551 1452 573 1476; x_wconf 90' lang='lat' dir='ltr'>a</span> <span class='ocrx_word' id='word_1_176' title='bbox 599 1439 647 1476; x_wconf 83' lang='lat' dir='ltr'>L.</span> <span class='ocrx_word' id='word_1_177' title='bbox 669 1438 885 1490; x_wconf 86' lang='lat' dir='ltr'>Torquato,</span> <span class='ocrx_word' id='word_1_178' title='bbox 911 1437 1069 1476; x_wconf 88' lang='lat' dir='ltr'>homine</span> <span class='ocrx_word' id='word_1_179' title='bbox 1087 1437 1194 1476; x_wconf 87' lang='lat' dir='ltr'>omni</span> <span class='ocrx_word' id='word_1_180' title='bbox 1213 1437 1303 1477; x_wconf 89' lang='lat' dir='ltr'>doc-</span> 
     </span>
     <span class='ocr_line' id='line_1_26' title="bbox 168 1491 1300 1544; baseline 0.001 -15"><span class='ocrx_word' id='word_1_181' title='bbox 168 1492 269 1530; x_wconf 64' lang='lat' dir='ltr'>trina</span> <span class='ocrx_word' id='word_1_182' title='bbox 288 1492 451 1540; x_wconf 81' lang='lat' dir='ltr'>erudito,</span> <span class='ocrx_word' id='word_1_183' title='bbox 473 1492 626 1531; x_wconf 84' lang='lat' dir='ltr'>defensa</span> <span class='ocrx_word' id='word_1_184' title='bbox 641 1501 696 1531; x_wconf 88' lang='lat' dir='ltr'>est</span> <span class='ocrx_word' id='word_1_185' title='bbox 712 1492 873 1544; x_wconf 87' lang='lat' dir='ltr'>Epicuri</span> <span class='ocrx_word' id='word_1_186' title='bbox 892 1492 1079 1531; x_wconf 91' lang='lat' dir='ltr'>sententia</span> <span class='ocrx_word' id='word_1_187' title='bbox 1097 1491 1144 1530; x_wconf 92' lang='lat' dir='ltr'>de</span> <span class='ocrx_word' id='word_1_188' title='bbox 1163 1492 1300 1544; x_wconf 90' lang='lat' dir='ltr'>volup-</span> 
     </span>
     <span class='ocr_line' id='line_1_27' title="bbox 168 1546 1299 1599; baseline 0.001 -16"><span class='ocrx_word' id='word_1_189' title='bbox 168 1553 271 1591; x_wconf 89' lang='lat' dir='ltr'>tate;</span> <span class='ocrx_word' id='word_1_190' title='bbox 302 1560 324 1584; x_wconf 90' lang='lat' dir='ltr'>a</span> <span class='ocrx_word' id='word_1_191' title='bbox 352 1559 493 1598; x_wconf 82' lang='lat' dir='ltr'>meque</span> <span class='ocrx_word' id='word_1_192' title='bbox 524 1547 558 1586; x_wconf 90' lang='lat' dir='ltr'>ei</span> <span class='ocrx_word' id='word_1_193' title='bbox 586 1560 826 1599; x_wconf 84' lang='lat' dir='ltr'>responsum,</span> <span class='ocrx_word' id='word_1_194' title='bbox 857 1560 947 1585; x_wconf 93' lang='lat' dir='ltr'>cum</span> <span class='ocrx_word' id='word_1_195' title='bbox 977 1546 1023 1585; x_wconf 94' lang='lat' dir='ltr'>C.</span> <span class='ocrx_word' id='word_1_196' title='bbox 1039 1546 1230 1593; x_wconf 83' lang='lat' dir='ltr'>Triarius,</span> <span class='ocrx_word' id='word_1_197' title='bbox 1259 1546 1299 1585; x_wconf 92' lang='lat' dir='ltr'>in</span> 
     </span>
     <span class='ocr_line' id='line_1_28' title="bbox 165 1600 1300 1653; baseline 0.002 -15"><span class='ocrx_word' id='word_1_198' title='bbox 165 1600 301 1652; x_wconf 89' lang='lat' dir='ltr'>primis</span> <span class='ocrx_word' id='word_1_199' title='bbox 320 1602 446 1652; x_wconf 87' lang='lat' dir='ltr'>gravis</span> <span class='ocrx_word' id='word_1_200' title='bbox 465 1610 502 1639; x_wconf 91' lang='lat' dir='ltr'>et</span> <span class='ocrx_word' id='word_1_201' title='bbox 521 1601 654 1640; x_wconf 88' lang='lat' dir='ltr'>doctus</span> <span class='ocrx_word' id='word_1_202' title='bbox 674 1601 905 1649; x_wconf 89' lang='lat' dir='ltr'>adolescens,</span> <span class='ocrx_word' id='word_1_203' title='bbox 922 1600 956 1639; x_wconf 89' lang='lat' dir='ltr'>ei</span> <span class='ocrx_word' id='word_1_204' title='bbox 971 1601 1221 1653; x_wconf 85' lang='lat' dir='ltr'>disputationi</span> <span class='ocrx_word' id='word_1_205' title='bbox 1239 1601 1300 1640; x_wconf 88' lang='lat' dir='ltr'>in-</span> 
     </span>
     <span class='ocr_line' id='line_1_29' title="bbox 165 1655 1301 1702; baseline 0.001 -9"><span class='ocrx_word' id='word_1_206' title='bbox 165 1662 330 1694; x_wconf 76' lang='lat' dir='ltr'>teresset.</span> <span class='ocrx_word' id='word_1_207' title='bbox 373 1656 480 1693; x_wconf 83' lang='lat' dir='ltr'>Nam</span> <span class='ocrx_word' id='word_1_208' title='bbox 507 1669 597 1694; x_wconf 86' lang='lat' dir='ltr'>cum</span> <span class='ocrx_word' id='word_1_209' title='bbox 623 1655 673 1694; x_wconf 89' lang='lat' dir='ltr'>ad</span> <span class='ocrx_word' id='word_1_210' title='bbox 698 1669 761 1694; x_wconf 92' lang='lat' dir='ltr'>me</span> <span class='ocrx_word' id='word_1_211' title='bbox 786 1656 827 1694; x_wconf 87' lang='lat' dir='ltr'>in</span> <span class='ocrx_word' id='word_1_212' title='bbox 847 1655 1087 1702; x_wconf 83' lang='lat' dir='ltr'>Cumanum,</span> <span class='ocrx_word' id='word_1_213' title='bbox 1108 1655 1301 1695; x_wconf 81' lang='lat' dir='ltr'>salutandi</span> 
     </span>
     <span class='ocr_line' id='line_1_30' title="bbox 164 1710 1299 1762; baseline 0.002 -15"><span class='ocrx_word' id='word_1_214' title='bbox 164 1710 294 1757; x_wconf 68' lang='lat' dir='ltr'>causa,</span> <span class='ocrx_word' id='word_1_215' title='bbox 324 1718 486 1761; x_wconf 90' lang='lat' dir='ltr'>uterque</span> <span class='ocrx_word' id='word_1_216' title='bbox 514 1711 690 1757; x_wconf 89' lang='lat' dir='ltr'>venisset,</span> <span class='ocrx_word' id='word_1_217' title='bbox 719 1724 842 1762; x_wconf 89' lang='lat' dir='ltr'>pauca</span> <span class='ocrx_word' id='word_1_218' title='bbox 870 1710 996 1762; x_wconf 89' lang='lat' dir='ltr'>primo</span> <span class='ocrx_word' id='word_1_219' title='bbox 1025 1710 1126 1748; x_wconf 87' lang='lat' dir='ltr'>inter</span> <span class='ocrx_word' id='word_1_220' title='bbox 1153 1722 1223 1749; x_wconf 90' lang='lat' dir='ltr'>nos</span> <span class='ocrx_word' id='word_1_221' title='bbox 1250 1710 1299 1749; x_wconf 90' lang='lat' dir='ltr'>de</span> 
     </span>
     <span class='ocr_line' id='line_1_31' title="bbox 162 1763 1296 1816; baseline 0.001 -14"><span class='ocrx_word' id='word_1_222' title='bbox 162 1764 298 1811; x_wconf 89' lang='lat' dir='ltr'>literis,</span> <span class='ocrx_word' id='word_1_223' title='bbox 327 1777 493 1815; x_wconf 85' lang='lat' dir='ltr'>quarum</span> <span class='ocrx_word' id='word_1_224' title='bbox 514 1778 713 1803; x_wconf 87' lang='lat' dir='ltr'>summum</span> <span class='ocrx_word' id='word_1_225' title='bbox 739 1773 820 1803; x_wconf 90' lang='lat' dir='ltr'>erat</span> <span class='ocrx_word' id='word_1_226' title='bbox 842 1765 883 1802; x_wconf 92' lang='lat' dir='ltr'>in</span> <span class='ocrx_word' id='word_1_227' title='bbox 909 1772 1074 1816; x_wconf 91' lang='lat' dir='ltr'>utroque</span> <span class='ocrx_word' id='word_1_228' title='bbox 1096 1763 1296 1811; x_wconf 85' lang='lat' dir='ltr'>studium;</span> 
     </span>
     <span class='ocr_line' id='line_1_32' title="bbox 163 1818 1298 1871; baseline 0.002 -15"><span class='ocrx_word' id='word_1_229' title='bbox 163 1818 301 1857; x_wconf 88' lang='lat' dir='ltr'>deinde</span> <span class='ocrx_word' id='word_1_230' title='bbox 320 1818 568 1870; x_wconf 81' lang='lat' dir='ltr'>Torquatus:</span> <span class='ocrx_word' id='word_1_231' title='bbox 600 1819 799 1868; x_wconf 86' lang='lat' dir='ltr'>Quoniam</span> <span class='ocrx_word' id='word_1_232' title='bbox 815 1819 916 1858; x_wconf 84' lang='lat' dir='ltr'>nacti</span> <span class='ocrx_word' id='word_1_233' title='bbox 935 1826 985 1866; x_wconf 89' lang='lat' dir='ltr'>te,</span> <span class='ocrx_word' id='word_1_234' title='bbox 1002 1819 1143 1871; x_wconf 90' lang='lat' dir='ltr'>inquit,</span> <span class='ocrx_word' id='word_1_235' title='bbox 1164 1832 1298 1858; x_wconf 89' lang='lat' dir='ltr'>sumus</span> 
     </span>
     <span class='ocr_line' id='line_1_33' title="bbox 162 1873 1297 1925; baseline 0.001 -14"><span class='ocrx_word' id='word_1_236' title='bbox 162 1873 372 1924; x_wconf 82' lang='lat' dir='ltr'>aliquando</span> <span class='ocrx_word' id='word_1_237' title='bbox 403 1874 585 1920; x_wconf 90' lang='lat' dir='ltr'>otiosum,</span> <span class='ocrx_word' id='word_1_238' title='bbox 625 1883 724 1912; x_wconf 84' lang='lat' dir='ltr'>certe</span> <span class='ocrx_word' id='word_1_239' title='bbox 755 1874 927 1921; x_wconf 87' lang='lat' dir='ltr'>audiam,</span> <span class='ocrx_word' id='word_1_240' title='bbox 965 1873 1061 1925; x_wconf 88' lang='lat' dir='ltr'>quid</span> <span class='ocrx_word' id='word_1_241' title='bbox 1094 1873 1157 1921; x_wconf 85' lang='lat' dir='ltr'>sit,</span> <span class='ocrx_word' id='word_1_242' title='bbox 1191 1874 1297 1925; x_wconf 92' lang='lat' dir='ltr'>quod</span> 
     </span>
     <span class='ocr_line' id='line_1_34' title="bbox 161 1927 1296 1980; baseline 0 -14"><span class='ocrx_word' id='word_1_243' title='bbox 161 1927 380 1979; x_wconf 88' lang='lat' dir='ltr'>Epicurum</span> <span class='ocrx_word' id='word_1_244' title='bbox 405 1936 594 1973; x_wconf 88' lang='lat' dir='ltr'>nostrum,</span> <span class='ocrx_word' id='word_1_245' title='bbox 623 1941 700 1966; x_wconf 91' lang='lat' dir='ltr'>non</span> <span class='ocrx_word' id='word_1_246' title='bbox 728 1936 771 1966; x_wconf 91' lang='lat' dir='ltr'>tu</span> <span class='ocrx_word' id='word_1_247' title='bbox 798 1928 956 1980; x_wconf 90' lang='lat' dir='ltr'>quidem</span> <span class='ocrx_word' id='word_1_248' title='bbox 981 1927 1118 1975; x_wconf 85' lang='lat' dir='ltr'>oderis,</span> <span class='ocrx_word' id='word_1_249' title='bbox 1145 1935 1191 1966; x_wconf 92' lang='lat' dir='ltr'>ut</span> <span class='ocrx_word' id='word_1_250' title='bbox 1217 1927 1296 1968; x_wconf 89' lang='lat' dir='ltr'>fere</span> 
     </span>
     <span class='ocr_line' id='line_1_35' title="bbox 160 1982 1293 2034; baseline 0 -14"><span class='ocrx_word' id='word_1_251' title='bbox 160 1982 309 2020; x_wconf 82' lang='lat' dir='ltr'>faciunt</span> <span class='ocrx_word' id='word_1_252' title='bbox 333 1982 402 2034; x_wconf 90' lang='lat' dir='ltr'>qui</span> <span class='ocrx_word' id='word_1_253' title='bbox 420 1983 469 2020; x_wconf 89' lang='lat' dir='ltr'>ab</span> <span class='ocrx_word' id='word_1_254' title='bbox 489 1995 532 2020; x_wconf 90' lang='lat' dir='ltr'>eo</span> <span class='ocrx_word' id='word_1_255' title='bbox 551 1982 793 2029; x_wconf 85' lang='lat' dir='ltr'>dissentiunt,</span> <span class='ocrx_word' id='word_1_256' title='bbox 823 1982 888 2022; x_wconf 86' lang='lat' dir='ltr'>sed</span> <span class='ocrx_word' id='word_1_257' title='bbox 914 1990 1013 2021; x_wconf 89' lang='lat' dir='ltr'>certe</span> <span class='ocrx_word' id='word_1_258' title='bbox 1037 1994 1115 2021; x_wconf 88' lang='lat' dir='ltr'>non</span> <span class='ocrx_word' id='word_1_259' title='bbox 1141 1983 1293 2033; x_wconf 90' lang='lat' dir='ltr'>probes,</span> 
     </span>
     <span class='ocr_line' id='line_1_36' title="bbox 161 2036 1295 2089; baseline 0 -13"><span class='ocrx_word' id='word_1_260' title='bbox 161 2049 267 2082; x_wconf 88' lang='lat' dir='ltr'>eum,</span> <span class='ocrx_word' id='word_1_261' title='bbox 289 2049 407 2089; x_wconf 90' lang='lat' dir='ltr'>quem</span> <span class='ocrx_word' id='word_1_262' title='bbox 427 2049 497 2087; x_wconf 83' lang='lat' dir='ltr'>ego</span> <span class='ocrx_word' id='word_1_263' title='bbox 516 2037 677 2076; x_wconf 87' lang='lat' dir='ltr'>arbitror</span> <span class='ocrx_word' id='word_1_264' title='bbox 695 2050 820 2075; x_wconf 90' lang='lat' dir='ltr'>unum</span> <span class='ocrx_word' id='word_1_265' title='bbox 840 2036 977 2076; x_wconf 85' lang='lat' dir='ltr'>vidisse</span> <span class='ocrx_word' id='word_1_266' title='bbox 999 2049 1148 2083; x_wconf 90' lang='lat' dir='ltr'>verum,</span> <span class='ocrx_word' id='word_1_267' title='bbox 1169 2037 1295 2076; x_wconf 79' lang='lat' dir='ltr'>maxi-</span> 
     </span>
     <span class='ocr_line' id='line_1_37' title="bbox 161 2090 1296 2143; baseline -0.001 -13"><span class='ocrx_word' id='word_1_268' title='bbox 161 2091 314 2143; x_wconf 90' lang='lat' dir='ltr'>misque</span> <span class='ocrx_word' id='word_1_269' title='bbox 345 2091 534 2130; x_wconf 85' lang='lat' dir='ltr'>erroribus</span> <span class='ocrx_word' id='word_1_270' title='bbox 566 2091 715 2130; x_wconf 84' lang='lat' dir='ltr'>animos</span> <span class='ocrx_word' id='word_1_271' title='bbox 748 2091 954 2130; x_wconf 90' lang='lat' dir='ltr'>hominum</span> <span class='ocrx_word' id='word_1_272' title='bbox 985 2090 1216 2137; x_wconf 85' lang='lat' dir='ltr'>liberavisse,</span> <span class='ocrx_word' id='word_1_273' title='bbox 1257 2098 1296 2130; x_wconf 89' lang='lat' dir='ltr'>et</span> 
     </span>
     <span class='ocr_line' id='line_1_38' title="bbox 160 2145 1295 2198; baseline 0 -14"><span class='ocrx_word' id='word_1_274' title='bbox 160 2146 293 2184; x_wconf 86' lang='lat' dir='ltr'>omnia</span> <span class='ocrx_word' id='word_1_275' title='bbox 317 2145 530 2191; x_wconf 88' lang='lat' dir='ltr'>tradidisse,</span> <span class='ocrx_word' id='word_1_276' title='bbox 560 2159 648 2197; x_wconf 84' lang='lat' dir='ltr'>quae</span> <span class='ocrx_word' id='word_1_277' title='bbox 673 2146 904 2198; x_wconf 86' lang='lat' dir='ltr'>pertinerent</span> <span class='ocrx_word' id='word_1_278' title='bbox 926 2145 976 2184; x_wconf 90' lang='lat' dir='ltr'>ad</span> <span class='ocrx_word' id='word_1_279' title='bbox 993 2147 1091 2184; x_wconf 89' lang='lat' dir='ltr'>bene</span> <span class='ocrx_word' id='word_1_280' title='bbox 1108 2146 1295 2197; x_wconf 86' lang='lat' dir='ltr'>beateque</span> 
     </span>
     <span class='ocr_line' id='line_1_39' title="bbox 159 2199 1294 2250; baseline -0.002 -10"><span class='ocrx_word' id='word_1_281' title='bbox 159 2200 379 2240; x_wconf 86' lang='lat' dir='ltr'>vivendum.</span> <span class='ocrx_word' id='word_1_282' title='bbox 411 2200 487 2240; x_wconf 85' lang='lat' dir='ltr'>Sed</span> <span class='ocrx_word' id='word_1_283' title='bbox 500 2200 694 2250; x_wconf 81' lang='lat' dir='ltr'>existimo,</span> <span class='ocrx_word' id='word_1_284' title='bbox 711 2208 762 2249; x_wconf 86' lang='lat' dir='ltr'>tc,</span> <span class='ocrx_word' id='word_1_285' title='bbox 780 2200 877 2240; x_wconf 90' lang='lat' dir='ltr'>sicut</span> <span class='ocrx_word' id='word_1_286' title='bbox 891 2209 1066 2241; x_wconf 81' lang='lat' dir='ltr'>nostrum</span> <span class='ocrx_word' id='word_1_287' title='bbox 1079 2199 1294 2248; x_wconf 77' lang='lat' dir='ltr'>Triarium,</span> 
     </span>
    </p>
   </div>
  </div>
 </body>
</html>
