1466 2458
223 108 279 147 30
553 104 815 153 ORATOR,
837 104 945 145 CAP.
959 105 1027 145 32.

217 229 325 264 eum,
356 214 484 264 credo,
511 223 676 262 amares)
696 227 787 255 cum
806 215 855 254 ad
875 222 913 254 te
930 214 971 253 in
991 213 1263 253 Tusculanum
1282 228 1349 254 ve-

216 271 373 319 nissem,
388 270 600 322 imaginem
620 284 668 309 ex
683 283 756 309 aere
770 269 864 317 vidi,
879 269 979 308 nihil
991 269 1122 321 Lysiae
1135 269 1348 309 subtilitate

216 325 329 374 cedit,
350 325 450 364 nihil
467 324 628 377 argutiis
647 332 685 364 et
703 325 881 364 acumine
896 323 1104 376 Hyperidi,
1124 323 1222 362 nihil
1247 324 1342 363 leni-

213 388 293 419 tate
312 380 503 428 AEschini,
535 387 573 418 et
600 379 800 432 splendore
823 380 1041 418 verborum.
1083 377 1228 417 Multae
1254 387 1347 418 sunt

213 436 299 484 ejus
327 442 417 474 totae
445 434 633 473 orationes
661 434 835 481 subtiles,
870 442 915 472 ut
942 441 1075 472 contra
1102 432 1342 484 Leptinem;

212 490 348 528 multae
375 497 465 528 totae
483 502 631 541 graves,
650 496 697 527 ut
722 488 902 541 quaedam
922 487 1177 539 Philippicae;
1206 488 1345 527 multae

211 544 340 592 variae,
360 551 406 582 ut
424 552 556 583 contra
574 543 816 590 AEschinem,
837 542 943 581 falsae
961 541 1176 594 legationis,
1191 549 1237 580 ut
1250 554 1344 581 con-

208 605 268 636 tra
287 599 467 637 eumdem
485 611 555 650 pro
574 611 690 636 causa
704 596 978 659 Ctesiphontis.
997 576 1110 635 oJam
1134 595 1234 634 illud
1259 609 1342 636 me-

212 652 339 702 dium,
361 653 510 705 quoties
529 653 628 701 vult,
649 652 809 704 arripit;
839 660 891 700 et,
912 665 936 689 a
966 650 1193 702 gravissimo
1221 650 1344 691 disce-

207 707 316 756 dens,
338 721 383 747 eo
400 707 645 760 potissimum
664 706 866 745 delabitur.
896 706 1095 744 Clamores
1107 713 1238 744 tamen
1250 713 1338 745 tum

209 770 351 811 movet,
372 770 411 801 et
428 769 515 801 tum
533 762 574 800 in
589 761 750 801 dicendo
769 761 985 814 plurimum
999 759 1129 810 efficit,
1141 772 1233 799 cum
1250 774 1343 813 gra-

209 817 337 855 vitatis
355 817 448 856 locis
467 817 602 855 utitur.

262 871 338 911 Sed
366 873 416 910 ab
445 872 518 911 hoc
544 884 753 924 parumper
778 872 990 917 abeamus3
1019 868 1337 932 quandoquidem

206 925 256 965 de
274 939 425 978 genere,
446 939 524 965 non
543 926 591 965 de
609 926 780 973 homine,
801 925 1032 978 quaerimus.
1063 925 1118 964 rei
1136 924 1279 976 potius,
1294 925 1337 963 id

206 987 277 1030 est,
298 981 540 1033 eloquentiae,
560 980 641 1019 vim
667 989 704 1019 et
728 989 908 1019 naturam
935 979 1185 1041 explicemus.
1225 978 1335 1018 Illud

206 1042 352 1083 tamen,
380 1035 486 1088 quod
507 1037 590 1086 jam
617 1043 705 1074 ante
731 1035 916 1083 diximus,
943 1033 1251 1082 meminerimus,
1276 1034 1337 1072 nil

203 1101 273 1128 nos
291 1090 536 1152 praecipiendi
555 1103 670 1129 causa
687 1090 881 1136 dicturos3
911 1097 1028 1142 atque
1045 1089 1100 1127 ita
1123 1087 1252 1140 potius
1269 1101 1335 1128 ac-

203 1151 323 1192 turos,
343 1152 388 1183 ut
407 1145 684 1184 existimatores
698 1145 898 1183 videamur
911 1143 1034 1196 loqui,
1050 1155 1129 1182 non
1142 1142 1329 1194 magistri.

201 1198 253 1237 In
273 1212 351 1251 quo
371 1206 501 1238 tamen
525 1199 680 1251 longius
704 1199 987 1251 progredimur,
1009 1197 1115 1250 quod
1139 1197 1330 1247 videmus,

201 1265 280 1292 non
299 1261 336 1292 te
354 1254 437 1293 haec
455 1254 581 1292 solum
594 1267 673 1293 esse
683 1254 890 1300 lecturum,
904 1253 973 1305 qui
992 1266 1037 1290 ea
1054 1251 1195 1301 multo,
1208 1264 1330 1304 quam

200 1320 284 1356 nos,
304 1308 373 1360 qui
392 1309 502 1360 quasi
517 1308 650 1347 docere
670 1309 884 1356 videamur,
905 1308 1047 1346 habeas
1065 1306 1241 1353 notiora3
1262 1306 1330 1346 sed

199 1361 304 1402 hunc
321 1363 482 1412 librum,
503 1363 653 1402 etiamsi
676 1364 807 1402 minus
831 1362 962 1402 nostra
980 1360 1328 1410 commendatione,

200 1424 268 1456 tuo
287 1424 417 1456 tamen
437 1417 608 1465 nomine,
627 1417 819 1469 divulgari
838 1429 988 1456 necesse
1007 1423 1076 1455 est.

252 1471 443 1511 XXXII.
473 1471 570 1511 Esse
587 1472 706 1524 igitur
719 1473 885 1524 perfecte
895 1471 1110 1523 eloquentis
1122 1477 1233 1523 puto,
1248 1481 1327 1510 non

195 1539 284 1564 eam
303 1527 430 1566 solum
448 1526 671 1565 facultatem
690 1527 844 1575 habere,
864 1539 953 1579 quae
979 1526 1028 1564 sit
1046 1526 1130 1575 ejus
1153 1525 1325 1577 propria,

194 1579 281 1620 fuse
298 1581 452 1634 lateque
477 1581 643 1628 dicendi,
664 1581 729 1620 sed
754 1581 872 1620 etiam
896 1580 1063 1619 vicinam
1089 1580 1187 1630 ejus,
1207 1587 1327 1632 atque

194 1635 417 1683 finitimam,
433 1635 718 1675 dialecticorum
730 1636 928 1674 scientiam
943 1647 1161 1679 amumerm
1183 1646 1323 1686 quam-

191 1687 1324 1797 1¹32?fflssffio‘ffffissessoezffiffffffigusffi

191 1798 411 1838 disserendo
425 1806 492 1838 aet.
522 1798 760 1851 Disputandi
784 1799 896 1849 ratio,
912 1806 951 1838 et
963 1797 1162 1851 loquendi,
1181 1796 1324 1836 dialec-

191 1853 357 1892 ticorum
385 1853 460 1901 sit3
496 1862 694 1893 oratorum
726 1862 871 1902 autem,
898 1853 1051 1892 dicendi
1080 1860 1119 1892 et
1143 1851 1322 1891 ornandi.

191 1907 300 1948 Zeno
328 1920 397 2001 qm
355 1908 487 1947 uidem
515 1908 597 1957 ille,
626 1921 650 1954 a
673 1922 752 1960 quo
777 1908 979 1961 disciplina
1002 1908 1222 1947 Stoicorum
1248 1914 1320 1955 est,

189 1974 310 2002 manu
357 1970 590 2002 emonstrare
607 1963 766 2011 solebat,
780 1963 876 2015 quid
889 1963 990 2001 inter
1001 1961 1072 2001 has
1089 1968 1190 2000 artes
1203 1960 1322 1999 inter-

190 2024 312 2056 esset:
342 2030 450 2067 nam,
470 2030 560 2056 cum
586 2026 858 2068 compresserat
882 2017 1037 2068 digitos,
1060 2027 1320 2068 pugnumque

188 2071 344 2121 fecerat,
357 2071 596 2111 dialectioem
615 2072 741 2110 aiebat
752 2071 942 2121 ejusmodi
956 2083 1060 2110 osse:
1082 2082 1174 2109 cum
1184 2076 1318 2108 autem

188 2125 407 2176 diduxerat,
428 2134 466 2166 et
483 2138 647 2165 manum
665 2126 905 2175 dilataverat,
925 2125 1068 2178 palmae
1085 2124 1190 2162 illius
1208 2123 1318 2162 simi-

187 2180 266 2219 lem
294 2181 556 2234 eloquentiam
585 2193 666 2219 esse
694 2180 855 2219 dicebat.
899 2180 1034 2231 Atque
1062 2178 1195 2226 etiam,
1224 2185 1315 2216 ante

186 2234 305 2287 hunc,
340 2235 583 2286 Aristoteles,
618 2234 808 2288 principio
836 2235 928 2274 artis
961 2233 1171 2282 rhetoricae,
1204 2231 1312 2281 dicit,
