1456 2396
374 465 1036 534 RHETORICORUM,

675 625 737 653 AD

280 741 352 801 C.
420 740 1126 814 HERENNIUM,

462 897 640 938 LIBER
668 898 953 948 QUARTUS.

618 1070 800 1107 —4—

206 1229 240 1267 Ι.
269 1228 505 1278 QUONIAM
523 1229 564 1268 in
581 1229 655 1269 hoc
672 1229 784 1278 libro,
805 1229 851 1269 C.
873 1228 1061 1278 Herenni,
1073 1228 1122 1268 de
1139 1228 1264 1267 elocu-

150 1283 253 1322 tione
285 1284 588 1336 conscripsimus,
623 1291 661 1323 et
690 1284 844 1336 quibus*
858 1284 899 1322 in
929 1285 1041 1322 rebus
1067 1296 1164 1335 opus
1191 1282 1266 1321 fuit

150 1338 336 1389 exemplis
355 1338 426 1386 uti,
446 1339 582 1377 nostris
602 1338 661 1377 usi
680 1352 813 1377 sumus
829 1352 842 1385 ;
872 1345 910 1377 et
927 1338 968 1375 id
991 1338 1150 1377 fecimus
1167 1351 1265 1388 prae-

151 1399 207 1429 ter
225 1392 537 1431 consuetudinem
557 1393 794 1442 Graecorum,
814 1392 883 1445 qui
901 1392 948 1430 de
965 1393 1038 1430 hac
1055 1405 1096 1430 re
1109 1391 1265 1443 scripse-

150 1453 269 1492 runt3
299 1447 504 1485 necessario
522 1447 740 1485 faciendum
766 1454 835 1496 est,
855 1453 900 1485 ut
924 1446 1054 1498 paucis
1078 1445 1264 1484 rationem

150 1501 269 1538 nostri
293 1501 439 1539 consilii
463 1501 610 1539 demus.
649 1501 784 1552 Atque
808 1501 880 1539 hoc
905 1512 974 1538 nos
991 1499 1266 1538 necessitudine

150 1552 286 1603 facere,
305 1567 382 1592 non
401 1555 540 1603 studio,
561 1555 650 1594 satis
669 1555 739 1594 erit
761 1555 873 1607 signi,
893 1554 1012 1606 quod,
1031 1554 1073 1592 in
1097 1553 1265 1605 superio-

151 1607 256 1646 ribus
274 1609 394 1656 libris,
415 1609 513 1647 1111111
531 1622 655 1661 neque
673 1617 762 1648 ante
779 1622 861 1647 rem
878 1621 1004 1660 neque
1027 1615 1164 1660 praeter
1182 1620 1265 1645 rem

151 1661 269 1699 locuti
300 1675 445 1701 sumus.
488 1664 622 1712 Nunc,
651 1663 683 1702 si
713 1676 850 1715 pauca,
879 1676 966 1714 quae
997 1675 1055 1701 τω
1082 1661 1264 1722 postulat,

151 1714 376 1765 dixerimus,
395 1717 467 1755 tibi
489 1717 544 1764 id,
565 1717 669 1769 quod
693 1718 886 1769 reliquum
912 1724 968 1755 est
992 1715 1097 1763 artis,
1123 1715 1192 1763 ita,
1221 1721 1266 1753 ut

151 1768 400 1819 instituimus,
420 1772 689 1822 persolvemus.
717 1771 794 1810 Sed
807 1771 955 1809 facilius
973 1778 1142 1809 nostram
1152 1768 1266 1807 ratio-

151 1834 241 1861 nem
259 1823 461 1875 intelliges,
478 1825 509 1863 si
526 1825 647 1877 prius,
667 1825 762 1876 quid
779 1825 837 1863 1111
854 1824 996 1872 dicant,
1017 1823 1247 1875 cognoveris.

204 1877 478 1929 Compluribus
497 1879 545 1918 de
569 1879 691 1918 causis
716 1885 855 1931 putant
879 1886 1063 1931 oportere,
1085 1890 1174 1916 curn
1193 1876 1266 1928 ipsi

153 1932 413 1983 praeceperint,
433 1946 510 1984 quo
527 1941 637 1985 pacto
656 1940 826 1984 oporteat
845 1945 978 1971 ornare
997 1932 1265 1978 elocutionem,

154 1985 453 2037 uniuscujusque
475 1987 635 2038 generis,
661 1989 708 2026 ab
728 1995 874 2026 oratore
892 1994 959 2024 aut
976 1986 1091 2038 po'e‘ta
1108 1987 1269 2036 probato

152 2046 340 2089 sumtum,
359 2053 499 2091 ponere
522 2041 756 2092 exemplum.
798 2041 854 2079 Et
875 2040 1046 2092 primum
1069 2053 1108 2078 se
1126 2039 1166 2077 id
1184 2051 1267 2076 mo-

151 2093 274 2131 daetia
290 2101 498 2133 commotos
516 2095 637 2133 faeere
651 2095 796 2144 dicunt,
812 2102 1009 2146 propterea
1023 2093 1127 2144 quod
1141 2092 1267 2131 videa-

151 2154 215 2184 tur
233 2160 311 2186 oese
328 2149 526 2187 ostentatio
545 2148 737 2200 quaedam,
758 2162 835 2187 non
854 2149 943 2187 satis
960 2148 1114 2195 habere,
1134 2145 1266 2198 praeci-

152 2213 241 2252 pere
265 2201 313 2240 de
337 2202 508 2250 artificio,
529 2203 594 2241 sed
621 2203 720 2254 ipsos
746 2203 860 2241 etiam
887 2202 1004 2240 videri
1031 2201 1125 2239 velle
1150 2200 1267 2238 artifi-

152 2255 251 2295 ciose
269 2256 424 2308 gignere
449 2257 648 2310 exempla·
639 2286 649 2297 .
679 2257 750 2297 hoc
777 2263 845 2307 cst,
866 2256 1061 2309 inquiunt,
1082 2261 1267 2295 ostentare
