1456 2396
215 68 297 114 370
394 69 473 110 DE
503 70 757 122 FINIBUS,
779 72 880 113 1113.
902 73 938 112 Ι.
955 72 1064 113 cu.
1083 73 1146 112 18.

216 177 300 216 haec
329 178 555 230 efficiantur,
584 182 776 233 ignorant.
804 182 946 221 Animi
971 190 1104 221 autem
1133 181 1350 234 voluptates

219 239 257 270 et
285 232 434 273 dolores
463 236 568 274 nasci
592 237 761 275 fatemur
790 250 811 276 e
834 237 1000 289 corporis
1024 236 1287 288 voluptatibus
1312 243 1352 275 et

218 286 425 326 doloribus.
473 290 615 342 Itaque
640 290 818 341 concedo,
843 292 948 344 quod
965 291 1083 330 modo
1101 290 1268 340 dicebas,
1287 303 1351 330 ca-

217 340 307 380 dere
325 343 454 391 causa,
482 344 513 382 si
539 346 608 396 qui
639 359 660 384 e
682 346 817 385 nostris
843 346 953 384 aliter
978 345 1223 392 existiment;
1253 357 1351 398 quos

217 395 377 447 quidem
393 397 501 436 video
517 412 595 438 esse
607 401 764 448 multos,
781 400 845 439 sed
858 400 1066 452 imperitos.
1096 399 1352 452 Quamquam

218 458 350 489 autem
370 460 408 490 et
425 452 600 492 laetitiam
619 455 728 494 nobis
743 455 920 506 voluptas
934 454 1069 503 animi,
1086 461 1124 493 et
1134 453 1351 493 molestiam

218 503 342 554 dolor,
365 506 498 546 afferat
514 522 526 554 ς
557 522 691 548 eorum
710 517 841 548 tamen
856 518 1067 561 utrumque
1080 516 1118 547 et
1129 515 1259 547 ortum
1273 520 1353 547 aese

219 572 242 597 e
267 573 436 612 corpore,
467 571 504 601 et
523 563 572 601 ad
591 576 728 616 corpus
747 564 903 609 referri;
934 576 1004 602 nec
1022 564 1072 602 ob
1092 576 1178 602 eam
1193 575 1351 601 eausam

218 626 297 653 non
317 616 442 655 multo
460 618 624 668 majores
643 632 722 657 esse
741 627 778 657 et
798 619 1014 670 voluptates
1033 625 1071 656 et
1092 617 1242 656 dolores
1267 616 1352 656 ani-

220 669 290 717 mi,
312 683 432 722 quam
451 673 628 725 corporis.
659 674 767 711 Nam
786 686 942 725 corpore
956 672 1069 720 nihil,
1083 671 1157 711 nisi
1170 683 1351 724 praesens,

219 730 258 761 et
281 725 385 776 quod
411 725 531 774 adest,
561 728 700 766 sentire
726 740 957 779 possumus;
989 726 1120 765 animo
1143 733 1291 774 autem,
1314 733 1355 765 et

218 779 411 829 praeterita
430 788 467 818 et
484 780 628 820 futura.
658 783 716 821 Ut
735 782 839 820 enim
859 795 968 834 aeque
987 781 1187 820 doloemus
1204 780 1350 827 animo,

219 846 309 871 cum
323 847 477 886 corpore
489 835 664 875 dolemus
677 851 689 882 ;
722 836 804 875 fieri
819 847 949 875 tamen
964 847 1178 888 permagna
1190 834 1354 875 accessio

219 895 357 939 potest,
379 889 411 927 si
438 890 596 942 aliquod
619 900 806 930 aeternum
833 899 870 929 et
903 890 1100 929 infinitum
1131 889 1354 942 impendere

218 943 369 981 malum
389 945 499 983 nobis
518 945 733 997 opinemur.
777 945 898 993 Quod
916 944 1020 984 idem
1037 945 1126 984 licet
1149 944 1354 984 transferre

218 997 260 1035 in
287 998 540 1050 voluptatem,
567 1008 612 1038 ut
638 1013 683 1039 ea
705 1001 829 1051 major
848 1000 911 1050 sit,
938 999 971 1038 si
989 998 1087 1038 nihil
1106 999 1182 1038 tale
1201 1006 1353 1038 metua-

221 1064 322 1091 mus.

271 1107 301 1146 J
304 1121 368 1146 am
388 1108 485 1146 illud
505 1109 664 1161 quidem
675 1110 923 1162 perspicuum
942 1117 1012 1156 est,
1032 1108 1248 1148 maximam
1267 1108 1351 1148 ani-

216 1161 275 1200 mi
294 1170 361 1200 aut
380 1163 618 1215 voluptatem
636 1174 706 1203 aut
720 1165 937 1204 molestiam
951 1164 1040 1216 plus
1054 1172 1124 1202 aut
1135 1163 1185 1202 ad
1198 1165 1353 1203 beatam

218 1224 287 1255 aut
306 1217 354 1254 ad
369 1217 548 1256 miseram
569 1219 689 1258 vitam
708 1219 843 1258 afferre
860 1219 1062 1266 momenti,
1079 1231 1199 1271 quam
1218 1231 1353 1258 eorum

218 1272 424 1319 utrumvis,
446 1273 477 1310 si
497 1287 605 1326 aeque
624 1274 691 1312 diu
711 1274 759 1312 sit
778 1274 819 1312 in
834 1286 1000 1326 corpore.
1032 1272 1125 1312 Non
1140 1273 1265 1325 placet
1282 1286 1354 1312 au-

220 1333 314 1375 tem,
345 1326 514 1366 detracta
537 1329 748 1381 voluptate,
774 1328 1043 1380 aegritudinem
1066 1327 1197 1366 statim
1222 1340 1354 1367 conse·

218 1381 302 1432 qui,
323 1381 396 1419 nisi
415 1382 455 1420 in
475 1383 683 1435 voluptatis
697 1384 826 1422 locum
845 1383 954 1422 dolor
979 1382 1078 1421 forte
1105 1381 1324 1421 successerit
1339 1396 1352 1420 ι

218 1443 273 1484 at,
287 1444 432 1485 contra,
443 1437 609 1488 gaudere
623 1446 773 1477 nosmet
785 1436 1006 1477 omittendis
1016 1436 1227 1485 doloribus,
1237 1435 1355 1476 etiam

219 1489 252 1527 si
271 1491 447 1542 voluptas
466 1505 524 1540 ea,
547 1506 634 1544 quae
653 1505 810 1532 sensum
835 1500 1003 1541 moveat,
1030 1491 1140 1530 nulla
1165 1503 1354 1531 successe-

217 1543 279 1583 n't.
324 1544 463 1598 quue
487 1546 652 1599 intelligi
677 1555 816 1599 potest,
844 1554 993 1599 quanta
1011 1546 1188 1599 voluptas
1205 1545 1256 1585 sit
1273 1558 1353 1585 non

218 1598 359 1638 dolere.
390 1600 481 1649 Sed,
499 1609 543 1639 ut
558 1601 604 1640 iis
616 1602 726 1640 bonis
741 1601 941 1654 erigimur,
955 1614 1043 1654 quae
1058 1608 1350 1653 exspectamu83

220 1654 274 1693 sic
291 1654 470 1693 laetamur
484 1655 543 1704 iis,
565 1670 654 1708 quae
672 1655 929 1695 recordamur.
977 1655 1097 1695 stulti
1113 1663 1246 1694 autem
1267 1667 1354 1694 ma—

219 1708 349 1747 lorum
391 1710 579 1749 memoria
615 1718 844 1763 torquentur
860 1725 871 1749 ε
902 1709 1093 1762 sapientes
1125 1711 1227 1749 bona
1254 1723 1354 1762 prae-

219 1763 345 1811 terita,
359 1765 469 1815 grata
481 1764 739 1804 recordatione
754 1772 949 1813 renovata,
965 1764 1168 1803 delectant.
1197 1763 1272 1803 Est
1282 1777 1354 1803 au-

220 1824 301 1856 tem
320 1818 439 1856 situm
457 1819 497 1857 in
517 1820 641 1869 nobis,
662 1829 706 1859 ut
725 1828 762 1859 et
780 1819 939 1859 adversa
956 1819 1066 1871 quasi
1081 1818 1268 1872 perpetua
1282 1820 1354 1858 ob-

219 1872 362 1911 livione
394 1875 618 1923 obruamus,
651 1883 689 1914 et
719 1873 886 1914 secunda
910 1873 1084 1925 jucunde
1115 1886 1160 1912 ac
1187 1872 1355 1912 suaviter

219 1927 523 1967 meminerimus.
573 1929 648 1968 Sed
677 1942 767 1968 cum
791 1942 849 1978 ea,
870 1943 958 1982 quae
975 1928 1257 1981 praeterierunt,
1276 1927 1355 1967 acri

220 1981 351 2020 animo
371 1990 408 2021 et
427 1991 572 2022 attento
592 1984 804 2031 intuemur,
834 1992 927 2022 tunc
946 1982 1006 2032 fit,
1026 1991 1071 2022 ut
1089 1981 1278 2035 aegritudo
1296 1995 1355 2022 se-

220 2046 378 2089 quatur,
399 2038 431 2075 si
449 2037 517 2076 illa
535 2038 639 2076 mala
658 2039 758 2085 sint;
788 2038 935 2087 laetitia,
957 2037 989 2076 si
1006 2038 1120 2076 bona.

276 2091 446 2130 XVIII.
495 2091 534 2131 Ο
554 2094 776 2144 praeclaram
796 2095 906 2132 boete
926 2092 1093 2141 vivendi,
1122 2099 1160 2131 et
1178 2098 1353 2144 apertam

219 2152 258 2184 ct
277 2145 490 2198 simplicem
511 2154 548 2185 et
566 2147 748 2186 directam
769 2147 872 2186 viam
888 2147 898 2186 !
931 2147 1035 2186 Cum
1054 2146 1159 2186 enim
1173 2154 1274 2185 certe
1292 2145 1355 2184 ni-

219 2199 276 2240 hil
309 2200 458 2241 homini
488 2202 606 2254 possit
638 2202 777 2242 melius
807 2216 901 2252 esse,
934 2215 1055 2254 quam
1087 2213 1221 2241 vacare
1245 2200 1357 2242 omni
