1456 2396
460 76 694 127 TOPICA,
715 76 822 117 CAP.
839 78 877 116 4.
1179 77 1231 122 75

108 187 284 235 exulum,
318 185 530 225 secundum
561 187 813 238 puerulorum
845 186 1011 235 tabulas,
1047 186 1231 238 possessio

112 240 285 279 vidaetur
304 254 352 280 ex
371 241 493 279 edicto
512 240 606 278 dari.

161 294 232 334 Ab
259 294 568 334 antecedentibus
594 301 740 344 autem,
769 301 807 332 et
834 294 1167 346 consequentibus,
1197 303 1235 332 et

110 350 427 400 repugnantibus,
461 349 534 387 hoc
564 349 707 388 modo:
747 351 797 387 ab
830 349 1154 397 antecedentibus,
1192 348 1234 387 Si

109 402 181 441 viri
199 404 314 456 culpa
331 404 478 442 factum
498 410 553 442 est
568 403 790 452 divortium,
805 404 874 442 etsi
893 404 1033 442 mulier
1047 404 1232 441 nuntium

108 458 269 507 remisit,
290 465 420 496 tamen
437 471 508 509 pro
526 458 654 496 liberis
672 471 828 496 manere
845 458 944 495 1111111
963 466 1122 509 oportet.

161 512 203 550 A
223 513 555 564 consequentibus,
581 512 623 551 Si
647 512 801 561 mulier,
830 525 920 550 cum
946 512 1080 550 fuisset
1107 519 1231 563 nupta

109 579 199 605 cum
219 579 277 616 eo,
298 568 459 618 quicum
478 567 717 605 connubium
735 579 814 605 11011
841 575 950 615 esset,
970 566 1155 604 nuntium
1174 579 1233 604 re-

109 621 240 668 misit;
270 621 455 673 quoniam
475 621 543 673 qui
562 621 643 659 nati
663 629 765 669 sunt,
786 629 935 673 patrem
961 633 1040 659 non
1066 633 1233 672 sequun-

110 682 187 724 tur,
208 688 278 727 pro
296 675 425 714 liberis
444 688 599 714 manere
618 676 716 713 nihi]
734 684 894 727 oportet.

163 730 206 768 A
226 731 542 781 repugnantibus,
571 731 613 769 Si
638 730 912 782 paterfamilias
938 729 1051 768 uxori
1077 729 1236 767 ancilla-

111 797 201 822 rum
211 785 499 823 usumfructum
511 785 652 836 legavit
665 798 687 822 a
700 785 793 832 filio,
807 797 933 836 neque
944 798 967 822 a
982 783 1148 822 secundo
1159 783 1237 821 113-

111 838 202 877 rede
219 839 381 890 legavit;
408 848 563 878 mortuo
578 839 672 887 filio,
692 839 833 877 mulier
851 839 1139 877 usumfructum
1159 851 1237 876 non

110 893 286 932 amittet:
317 894 423 946 quod
442 894 545 932 enim
565 894 683 932 semel
710 901 937 932 testamento
963 893 1078 931 alicui
1103 892 1238 931 datum

113 955 184 996 est,
204 947 245 986 id
269 949 318 986 ab
345 961 389 987 eo
408 948 544 994 invito,
565 948 627 987 cui
654 948 789 986 datum
809 956 878 996 est,
900 947 1040 986 auferri
1067 960 1145 985 non
1170 961 1241 999 po-

112 1009 185 1041 1001
198 1016 210 1040 z
240 1010 431 1054 repugnat
450 1002 555 1041 enim
573 1010 675 1041 recte
694 1003 875 1054 accipere,
904 1012 942 1040 et
968 1001 1135 1040 invitum
1154 1002 1241 1040 red-

113 1056 214 1095 dere.

165 1111 236 1150 Ab
256 1110 506 1150 efficientibus
532 1111 669 1159 causis,
689 1111 762 1150 hoc
787 1111 928 1150 modo:
961 1110 1158 1150 Omnibus
1186 1118 1241 1149 est

111 1167 177 1216 jus
195 1165 380 1218 parietem
399 1166 587 1204 directum
614 1166 663 1204 ad
688 1166 874 1218 parietem
900 1178 1146 1205 communem
1175 1165 1244 1203 ad-

110 1221 274 1271 jungere
293 1221 354 1259 vel
379 1220 561 1269 solidum,
588 1221 650 1258 vel
675 1220 933 1259 fornicatum:
965 1228 1005 1258 at
1032 1220 1063 1258 si
1090 1220 1175 1271 quis
1202 1220 1244 1257 in

113 1275 258 1327 pariete
276 1274 475 1313 communi
494 1274 736 1313 demoliendo
756 1275 888 1312 damni
907 1275 1039 1313 infecti
1057 1275 1243 1325 promise-

114 1329 179 1377 rit,
200 1341 278 1368 non
304 1328 458 1367 debebit
481 1336 675 1381 praestare,
696 1329 801 1380 quod
825 1328 954 1367 fornix
979 1328 1062 1366 vitii
1087 1328 1240 1366 fecerit·

114 1396 193 1422 non
213 1384 318 1422 enim
337 1384 419 1433 ejus
438 1383 545 1432 vitio,
562 1383 630 1444 qui
649 1383 855 1421 demolitus
871 1392 940 1431 est,
955 1383 1141 1420 damnum
1163 1382 1242 1421 fac-

115 1445 203 1476 tum
231 1446 301 1486 est,
325 1438 391 1476 sed
417 1439 500 1488 ejus
525 1437 649 1490 operis
675 1437 782 1486 vitio,
803 1437 907 1489 quod
932 1438 986 1475 ita
1012 1436 1244 1476 aedificatum

114 1500 185 1542 aet,
206 1500 250 1530 ut
269 1492 451 1544 suspendi
469 1505 546 1531 non
566 1499 703 1544 posset.

168 1547 238 1585 Ab
258 1547 399 1586 effectis
417 1549 546 1609 rebus,
566 1547 639 1585 hoc
653 1546 794 1585 modo.
826 1546 929 1585 Cum
947 1546 1088 1584 mulier
1106 1545 1187 1584 viro
1201 1546 1243 1584 111

112 1614 277 1640 manum
296 1601 486 1651 convenit,
507 1601 652 1651 omnia,
673 1615 762 1653 quae
779 1601 952 1639 mulieris
975 1601 1148 1650 fuerunt,
1170 1600 1242 1638 viri

117 1656 216 1695 fiunt
234 1656 332 1695 dotis
350 1656 518 1695 nomine.

170 1711 236 1750 Ex
255 1710 538 1763 comparatione
556 1717 686 1750 autem
711 1711 842 1749 omnia
867 1710 1010 1758 valent,
1042 1723 1129 1761 quae
1154 1715 1245 1748 sunt

113 1765 331 1816 ejusmodi:
362 1765 481 1814 Quod
508 1766 549 1803 in
575 1779 616 1804 re
641 1766 788 1815 majore
815 1765 929 1814 valet,
950 1764 1075 1802 valeat
1099 1764 1141 1801 in
1166 1763 1244 1801 mi-

118 1833 210 1858 nore
225 1835 236 1858 ι
266 1827 324 1869 ut,
345 1820 376 1859 si
394 1820 436 1858 in
454 1822 550 1859 urbe
567 1819 662 1859 fines
682 1832 759 1858 non
777 1828 978 1871 reguntur,
994 1831 1064 1857 nec
1083 1831 1184 1870 aqua
1203 1818 1244 1855 in

118 1876 214 1913 urbe
232 1882 414 1913 arceatur.
445 1874 548 1913 Item
567 1883 725 1913 contra.
716 1889 724 1898 ·
757 1874 875 1922 Quod
893 1874 935 1912 in
960 1873 1108 1911 minore
1127 1873 1242 1919 valet,

118 1929 271 1967 valeat
259 1942 302 1967 m
319 1929 492 1990 majore.
522 1929 611 1967 licet
635 1929 740 1967 idem
766 1929 990 1980 exemplum
1016 1934 1244 1965 convertere.

119 1983 248 2022 Item.
280 1983 428 2032 Quod
418 1996 460 2021 m
478 1997 518 2022 re
536 1983 623 2035 pari
640 1984 755 2031 valet,
777 1982 922 2021 valeat
911 1995 953 2020 111
966 1981 1052 2029 hac,
1070 1994 1158 2032 quae
1175 1993 1246 2033 par

118 2044 198 2076 001.
228 2044 288 2087 ut,
315 2037 516 2099 Quoniam
534 2051 627 2077 usus
648 2036 893 2089 [auctoritas]
914 2035 1026 2075 fundi
1042 2034 1246 2074 biennium

118 2098 191 2140 est,
212 2092 262 2130 sit
280 2092 396 2131 etiam
415 2092 570 2131 aedium.
598 2092 687 2130 At'
676 2104 718 2130 m
736 2092 822 2143 lege
836 2091 935 2130 aedae
953 2103 1032 2128 non
1051 2089 1248 2141 appellan-

117 2153 198 2197 tur,
220 2154 258 2186 et
275 2154 367 2186 sunt
384 2154 611 2187 caeterarum
630 2158 759 2186 rerum
776 2145 971 2195 omnium,
992 2156 1159 2196 quarum
1181 2155 1250 2181 an<-
