1456 2396
203 91 282 129 310
327 90 805 132 ACADEMICORUM
825 92 923 131 LIB.
941 91 1000 130 11.
1017 91 1122 131 CAP.
1137 91 1203 130 2⁰.

204 197 479 248 dispiciendum
515 200 760 251 reliquerunt.
807 200 916 248 Quos
952 198 984 237 si
1019 209 1236 250 sequamur,
1263 197 1312 250 ig!

204 251 364 290 vinculis
391 253 509 291 simus
536 254 715 300 adstricti,
744 261 788 291 ut
814 266 882 292 nos
910 265 1145 291 commovere
1170 264 1312 303 neque-

203 317 324 342 amus.
363 306 522 345 Sublata
547 308 647 345 enim
673 307 896 354 assensione,
923 319 1075 345 omnem
1101 312 1138 344 et
1161 312 1311 343 motum

203 358 434 407 animorum,
464 368 501 398 et
532 361 716 400 actionem
747 374 888 407 rerum,
922 359 1177 398 sustulerunt:
1208 358 1312 410 quod

202 423 279 448 non
305 412 419 451 modo
444 422 542 452 recte
567 415 660 462 fieri,
688 415 752 453 sed
777 414 931 452 omnino
953 413 1046 459 fieri,
1072 425 1149 451 non
1175 418 1310 463 potest.

204 464 366 503 Provide
385 467 513 516 etiam,
540 480 587 505 ne
605 469 673 506 uni
691 469 761 507 tibi
779 469 890 506 istam
910 467 1133 505 sententiam
1151 466 1312 504 minime

201 518 311 556 liceat
330 520 544 568 defendere,
573 522 641 560 An
661 530 717 569 tu,
739 535 826 560 cum
851 534 910 559 res
934 519 1204 558 occultissimas
1222 532 1312 570 ape-

200 572 333 619 rueris,
353 574 394 611 in
412 575 612 626 lucemque
630 576 842 626 protuleris,
859 576 1084 625 juratusque
1097 573 1311 621 dixeris,ea

201 632 238 663 te
257 628 480 677 comperisse
500 629 619 680 (quod
637 629 734 667 mihi
752 641 904 680 quoque
928 628 1078 675 licebat,
1105 627 1173 678 qui
1198 639 1246 665 ex
1272 634 1311 665 te

201 678 267 716 illa
286 690 565 731 cognoveram),
593 684 746 734 negabis
772 696 850 721 esse
874 695 954 720 rem
981 681 1115 727 ullam,
1143 693 1229 732 quae
1247 693 1310 718 co-

199 734 343 794 gnosci,
371 736 650 787 comprehendi,
678 736 819 788 percipi
846 735 993 787 possit?
1022 734 1137 781 Vide,
1164 747 1307 786 quaeso,

199 787 314 824 etiam
342 795 455 839 atque
483 789 610 851 etiarn,
639 803 687 828 ne
711 791 865 827 illarum
891 801 1044 840 quoque
1067 800 1195 826 rerum
1220 787 1310 839 pul-

200 840 473 880 cherrimarum
492 856 515 880 a
533 851 569 881 te
587 844 669 895 ipso
686 843 883 882 minuatur
900 841 1111 880 auctoritas.

251 894 353 942 Quae
382 908 470 933 cum
499 897 655 935 dixisset
681 898 759 944 ille,
790 898 905 935 finem
934 895 1032 934 fecit.
1075 894 1306 933 Hortensius

195 956 339 995 autem,
349 949 587 988 vehementer
595 951 798 998 admirans,
809 950 929 1002 (quod
943 949 1098 1001 quidem
1109 956 1306 1000 perpetuo,

197 1002 363 1040 Lucullo
377 1004 569 1054 loquente,
590 1005 739 1052 fecerat,
752 1012 796 1042 ut
809 1005 923 1042 etiarn
936 1015 1073 1041 manus
1087 1015 1185 1054 saepe
1199 1003 1308 1040 tolle-

196 1063 277 1093 ret:
315 1068 384 1094 nec
414 1057 583 1096 mirum:
621 1071 711 1096 nam
748 1070 946 1109 nunquam
983 1057 1142 1095 arbitror
1179 1063 1310 1094 contra

195 1109 448 1147 Academiam
468 1111 614 1149 dictum
641 1125 718 1150 esse
748 1112 939 1159 subtilius)
959 1123 1022 1148 me
1051 1122 1217 1161 quoque,
1247 1110 1307 1158 jo-

197 1175 347 1209 cansne,
368 1176 417 1200 an
434 1164 488 1201 ita
507 1166 682 1212 sentiens,
703 1168 797 1208 (non
810 1165 911 1202 enim
927 1164 1014 1202 satis
1027 1163 1305 1214 intelligebam)

196 1216 308 1267 coepit
325 1217 480 1264 hortari,
501 1225 545 1255 ut
564 1219 747 1256 sententia
765 1219 992 1257 desisterem.

251 1269 359 1307 Tum
378 1271 474 1308 mihi
500 1271 673 1319 Catulus,
695 1273 737 1311 Si
761 1280 812 1320 te,
838 1272 977 1323 inquit,
1005 1269 1163 1309 Luculli
1186 1269 1306 1308 oratio

196 1323 317 1371 flexit,
338 1338 424 1375 quae
443 1333 498 1363 est
516 1325 646 1364 habita
668 1326 898 1387 memoriter,
919 1331 1104 1372 accurate,
1131 1324 1302 1375 copiose·
1290 1352 1302 1369 ‚

195 1385 325 1423 tace0;
356 1391 480 1429 neque
498 1387 549 1427 te,
570 1393 646 1431 quo
665 1381 806 1427 minus,
827 1380 858 1418 si
872 1379 942 1417 tibi
955 1379 1008 1417 ita
1022 1378 1206 1424 videatur,
1222 1389 1306 1415 sen-

196 1430 355 1469 tentiam
383 1440 521 1479 mutes,
551 1434 817 1472 deterrendum
843 1440 948 1485 puto.
989 1432 1097 1471 Illud
1120 1444 1207 1469 vero
1229 1443 1306 1469 non

195 1485 418 1534 censuerim,
459 1494 502 1524 ut
533 1488 613 1536 ejus
650 1488 870 1526 auctoritate
905 1498 1089 1525 moveare.
1131 1485 1307 1523 Tantum

195 1539 298 1576 enim
323 1551 400 1577 non
425 1547 461 1578 te
486 1541 600 1579 modo
625 1543 787 1588 monuit,
814 1540 953 1592 inquit,
974 1539 1154 1586 arridens,
1181 1546 1226 1576 ut
1243 1551 1306 1576 ca·-

194 1605 312 1640 veres,
344 1605 391 1631 ne
424 1594 509 1644 quis
539 1595 735 1646 improbus
767 1595 942 1633 tribunus
974 1593 1095 1645 plebis
1123 1595 1316 1644 (quorum·

195 1646 297 1683 vides
317 1656 460 1707 quanta
478 1649 585 1698 copia
603 1662 749 1700 semper
767 1648 897 1686 futura
915 1648 978 1695 sit)
998 1647 1178 1698 arriperet
1195 1653 1245 1692 te,
1267 1652 1305 1683 et

193 1698 234 1735 in
254 1700 430 1738 concione
457 1711 651 1752 quaereret,
680 1704 749 1754 qui
776 1702 844 1740 tibi
868 1708 1068 1762 constares,
1095 1712 1184 1738 cum
1201 1699 1306 1737 idem

193 1764 349 1803 negares
369 1754 580 1805 quidquam
599 1756 688 1794 certi
706 1768 813 1808 posse
831 1755 998 1807 reperiri,
1018 1754 1120 1792 idem
1145 1761 1183 1791 te
1201 1765 1305 1791 com-

192 1807 331 1857 perisse
349 1807 515 1846 dixisses.
546 1808 646 1856 Hoc,
668 1822 808 1860 quaeso,
829 1822 878 1848 ne
897 1816 933 1847 te
943 1815 1089 1847 terreat.
1118 1807 1181 1845 De
1192 1807 1306 1845 causa

193 1867 323 1898 autem
341 1861 424 1912 ipsa
442 1862 576 1900 malim
602 1863 757 1914 quidem
778 1871 814 1902 te
838 1864 886 1901 ab
911 1863 983 1900 hoc
1001 1861 1205 1899 dissentire.
1235 1861 1305 1899 Sin

193 1914 355 1961 cesseris,
372 1927 448 1952 non
466 1929 694 1967 magnopere
713 1918 904 1955 mirabor:
926 1915 1085 1955 memini
1103 1915 1205 1953 enim
1216 1915 1305 1952 An-

192 1967 363 2005 tiochum
390 1969 531 2020 ipsum,
562 1983 650 2008 cum
678 1983 795 2009 annos
827 1971 968 2008 multos
997 1969 1089 2007 talia
1117 1969 1302 2016 sensisset,

191 2021 307 2059 simul
336 2035 379 2060 ac
402 2024 525 2061 visum
555 2024 616 2072 sit,
649 2025 832 2063 sententia
856 2024 1049 2062 destitisse.
1090 2022 1188 2061 Haec
1215 2034 1304 2073 cum

190 2074 347 2114 dixisset
366 2076 539 2125 Catulus,
559 2091 621 2116 me
639 2091 770 2117 omnes
787 2078 938 2117 intueri.

245 2129 340 2168 XX.
370 2131 477 2168 Tum
492 2144 575 2183 ego,
590 2144 667 2170 non
685 2133 814 2171 minus
833 2138 1057 2179 commotus,
1070 2142 1188 2182 quam
1202 2128 1304 2167 soleo

190 2183 230 2222 in
249 2184 368 2223 causis
382 2186 604 2235 majoribus,
615 2185 836 2236 hujusmodi
849 2186 1019 2238 quadam
1034 2184 1201 2224 oratione
1215 2190 1302 2221 sum
