1456 2396
251 114 325 154 192
353 112 437 154 An
457 112 836 162 HERENNIUM,
856 113 956 152 Lm.
974 86 1057 153 ὶΠ.
1077 113 1183 154 οη.
1199 118 1238 155 5.

246 221 361 272 igitur
379 222 448 261 erit
471 221 770 260 demonstratum
793 228 952 268 rectum,
977 221 1169 260 laudabile
1192 235 1270 262 esse
1292 222 1357 262 de·
1404 256 1415 258 s

246 276 553 323 monstrabimus,
580 283 646 313 aut
669 277 718 313 ab
742 275 883 313 idoneis
908 275 1140 323 hominibus,
1163 284 1208 314 ut
1231 277 1264 315 si
1280 291 1357 328 qna

246 341 304 366 res
322 329 524 367 honestiori
541 329 663 367 ordini
679 330 838 380 placeat,
865 342 952 380 quae
977 342 1000 367 a
1024 329 1205 368 deteriore
1227 331 1358 368 ordine

245 382 505 433 improbetur3
535 390 602 420 aut
619 384 666 421 ab
685 383 876 434 aliquibus
890 382 1010 430 sociis,
1030 391 1098 421 aut
1110 384 1288 423 omnibus
1303 385 1357 423 ci-

247 436 370 483 vibus,
391 437 526 475 exteris
544 436 772 484 nationibus,
792 436 1023 487 posterisque
1040 437 1186 476 nostris.

300 490 403 528 Cum
427 490 648 540 hujusmodi
673 491 842 529 locorum
867 490 1000 529 divisio
1028 490 1076 528 sit
1102 491 1142 528 in
1170 491 1357 530 consulta-

245 543 360 590 tione,
389 545 550 582 breviter
576 544 775 595 aperienda
803 552 860 582 est
887 544 1002 582 totius
1028 545 1197 583 tractatio
1223 557 1356 584 causae.

246 597 426 635 Exci-diri
448 598 588 645 licebit,
612 598 671 636 vel
690 611 713 636 a
729 597 927 649 principio,
948 598 1008 636 vel
1025 599 1074 636 ab
1091 598 1357 646 insinuatione,

247 652 307 689 vel
331 651 464 690 iisdem
490 652 711 698 rationibus,
738 652 877 703 quibus
900 652 940 689 in
965 652 1138 702 judiciali
1161 652 1285 690 causa„
1316 652 1359 691 Si

246 706 306 754 cuj
311 719 356 744 us
373 706 426 743 rei
439 706 601 744 narratio
614 706 766 753 incidet,
782 705 914 743 eadem
928 706 1070 744 ratione
1084 718 1234 745 narrare
1247 719 1358 758 opor·

246 759 351 797 tebit.
381 759 575 808 Quoniam
593 759 633 796 in
652 759 873 809 hujusmodi
890 759 1010 798 causis
1027 759 1113 798 finis
1130 767 1186 799 oet
1198 759 1356 808 utilitas,

245 820 283 850 et
296 826 340 851 ea
357 813 537 852 dividitur
554 814 593 850 in
608 814 791 851 rationem
810 821 934 851 tutam
952 821 1067 865 atque
1083 813 1306 859 honestam3
1326 814 1358 852 si

246 874 453 918 utrumque
477 868 683 918 poterimus
706 867 912 915 ostendere,
938 874 1145 918 utrumque
1165 867 1359 919 pollicebi-

245 932 334 958 mur
347 933 416 959 nos
433 921 474 958 in
489 921 646 959 dicendo
660 921 979 959 demonstraturos
992 934 1093 959 esse:
1124 921 1182 959 sin
1195 921 1358 959 alterum

245 973 536 1013 demonstraturi
563 976 716 1022 erimus,
746 975 977 1026 simpliciter,
1007 974 1111 1026 quod
1134 975 1271 1013 dicturi
1293 988 1358 1013 su-

245 1040 346 1075 mus,
366 1028 616 1066 ostendemus.
645 1029 703 1066 At
717 1029 748 1066 si
763 1037 930 1067 nostram
944 1029 1127 1066 rationem
1142 1036 1266 1067 tutam
1280 1041 1358 1067 esse

244 1081 426 1129 dicemus,
440 1082 619 1120 divisione
633 1090 786 1120 utemur
798 1082 838 1120 in
853 1083 931 1120 vim
946 1090 983 1120 et
996 1082 1207 1121 consilium.
1234 1082 1357 1130 Nam,

245 1135 349 1186 quod
373 1136 412 1173 in
437 1135 618 1183 docendo,
644 1136 697 1173 rei
722 1136 974 1174 dilucidandae
991 1136 1118 1182 causa,
1138 1136 1271 1174 dolum
1290 1149 1357 1187 ap-

244 1189 484 1239 pellavimus,
509 1189 549 1226 id
567 1190 607 1227 in
625 1189 782 1228 dicendo
800 1190 993 1228 honestius
1010 1189 1211 1228 consilium
1227 1190 1357 1241 appel-

244 1243 421 1281 labimus.
464 1243 506 1282 Si
529 1244 682 1281 rationis
706 1251 843 1282 nostrae
867 1243 1090 1282 sententiam
1114 1250 1255 1282 rectam
1279 1256 1358 1282 aese

244 1296 426 1343 dicemus,
447 1305 484 1334 et
501 1309 631 1335 omnes
649 1305 772 1348 partes
789 1297 880 1335 recti
891 1297 1071 1345 incident,
1086 1296 1358 1348 quadripertita

243 1349 424 1388 divisione
437 1358 613 1389 utemur:
645 1352 676 1389 si
689 1363 767 1389 non
780 1350 959 1399 incident,
974 1358 1068 1402 quot
1081 1358 1205 1398 erunt,
1221 1357 1277 1389 tot
1291 1364 1357 1389 ex-

245 1416 430 1454 ponemus
457 1405 496 1442 in
524 1405 693 1443 dicendo.
737 1405 786 1443 In
813 1405 1096 1443 confirmatione
1122 1412 1160 1442 et
1185 1404 1356 1444 confuta-

244 1458 358 1503 tione,
387 1466 540 1496 utemur
566 1459 669 1505 locis,
703 1471 799 1510 quos
830 1467 918 1497 ante
947 1457 1194 1506 ostendimus,
1222 1459 1358 1497 nostris

244 1512 523 1559 confirmandis,
563 1513 756 1550 contrariis
791 1512 1039 1551 confutandis.
1095 1512 1357 1563 Argumenta

243 1565 355 1603 tionis
379 1565 574 1605 artificiose
593 1565 794 1606 tractandae
812 1566 906 1605 ratio
930 1566 977 1605 de
996 1565 1159 1605 oecundo
1175 1565 1274 1605 libro
1290 1579 1356 1618 pe-

244 1626 357 1657 tetur.

297 1673 348 1711 V.
380 1673 454 1712 Sed
478 1674 509 1712 si
537 1673 723 1721 acciderit,
749 1682 793 1712 ut
816 1674 856 1712 in
880 1673 1152 1713 consultatione
1175 1673 1283 1712 alteri
1307 1674 1356 1712 ab

245 1726 328 1765 tuta
339 1726 494 1774 ratione,
508 1728 614 1765 alteri
628 1730 676 1766 ab
691 1727 863 1776 honesta,
878 1728 1060 1766 sententia
1074 1727 1135 1775 sit,
1151 1735 1196 1765 ut
1208 1728 1249 1765 in
1262 1727 1356 1765 deli-

242 1780 432 1819 beratione
444 1794 589 1828 eorum,
605 1782 685 1833 qui,
701 1795 724 1819 a
736 1782 862 1820 Poenis
874 1781 1116 1829 circumsessi,
1132 1780 1354 1824 deliberant,

243 1834 337 1885 quid
361 1844 500 1885 agant3
531 1835 598 1886 qui
616 1844 739 1873 tutam
757 1835 939 1874 rationem
965 1835 1072 1886 sequi
1090 1834 1276 1881 suadebit,
1296 1833 1356 1872 his

242 1888 334 1926 locis
347 1896 497 1926 utetur:
519 1890 666 1927 nullam
680 1903 760 1927 rem
774 1890 963 1928 utiliorem
978 1902 1055 1927 ωδε
1068 1888 1327 1926 incolumitate
1340 1902 1352 1932 .·,

243 1942 444 1980 virtutibus
472 1942 530 1980 uti
553 1944 744 1981 neminem
768 1956 890 1993 posse,
919 1942 987 1993 qm·
1016 1955 1102 1981 suas
1129 1941 1290 1980 rationes
1314 1941 1354 1979 in

242 2002 326 2033 tuto
343 2007 420 2033 non
439 1996 651 2042 collocarit3
682 2009 729 2034 ne
747 1995 851 2035 Deos
869 1996 1023 2048 quidem
1042 2009 1119 2034 esse
1136 1995 1280 2033 auxilio
1293 1995 1353 2040 iis,

243 2050 312 2100 qui
336 2062 374 2087 se
402 2049 613 2087 inconsulto
641 2051 681 2087 in
710 2050 921 2101 periculum
945 2049 1124 2094 mittant3
1153 2048 1353 2087 honestum

243 2103 340 2140 nihil
364 2112 532 2153 oportere
560 2104 780 2151 existimari,
806 2104 909 2155 quod
933 2115 1010 2141 non
1034 2104 1194 2141 salutem
1219 2101 1352 2153 pariat.

245 2156 325 2203 Qui
344 2165 435 2194 tutae
454 2157 506 2195 rei
525 2166 716 2208 praeponet
734 2158 916 2196 rationem
940 2157 1151 2203 honestam,
1177 2156 1236 2193 his
1262 2155 1353 2192 locis

246 2218 394 2249 utetur:
427 2211 604 2250 virtutem
629 2212 736 2251 nullo
759 2219 927 2264 tempore
952 2208 1263 2261 relinquendam3
1293 2208 1354 2247 vel
