1456 2396
190 77 274 118 AD
302 75 793 127 HERENNIUM,L113.
811 76 1072 124 11.CA1³.27.
1114 78 1185 118 181

74 186 245 239 capitalis
268 194 347 225 esta
378 194 434 225 est
458 186 562 225 enim
589 186 787 237 improbus
812 194 850 224 et
875 186 1029 239 pestifer
1056 187 1189 226 civis.'’

76 242 184 279 Nam
194 241 315 279 nihilo
325 240 449 290 magis
463 240 783 292 quadruplatoris,
804 254 922 291 quam
941 240 1050 289 furis,
1070 254 1190 293 quam

75 295 210 341 sicarii,
230 302 298 332 aut
314 294 529 346 proditoris,
548 294 678 332 attulit
695 294 967 332 definitionem.
1013 295 1114 333 Item
1133 296 1191 333 vi-

73 349 215 386 tiosum
233 355 302 410 est,
321 361 391 399 pro
408 356 636 399 argumento
654 360 816 395 sumere,
834 349 966 400 quod
956 361 996 386 1n
1011 349 1190 400 disquisi-

75 402 178 440 tione
195 402 363 454 positum
382 409 465 447 est3
495 409 539 439 ut
558 401 590 439 si
608 402 694 453 quis
712 414 829 453 quem
853 402 947 440 furti
977 412 1126 454 arguat,
1154 411 1191 442 et

74 456 189 504 dicat,
210 469 299 495 eum
319 469 398 494 esse
414 455 612 494 hominem
636 456 871 507 improbum,
893 470 940 494 ax
940 470 1065 504 arum,
1085 457 1190 495 frau-

74 510 304 556 dulentum3
334 510 369 548 ei
387 510 441 548 rei
452 509 714 548 testimonium
730 523 821 559 esse,
838 510 942 571 quod
956 511 1028 549 sibi
1041 511 1191 549 furtum

74 564 214 603 feeerit.
242 564 345 603 Item
359 563 538 602 vitiosum
553 570 622 612 est,
638 565 928 602 controversiam
942 565 1194 604 controversia

73 618 289 667 dissolvere,
307 618 379 656 hoc
396 617 535 656 modo:
574 620 602 641 ‘⁶
617 618 710 656 Non
730 618 918 665 convenit,
938 631 1121 666 censores,
1142 620 1193 657 15-

75 680 161 710 tum
179 673 285 711 vobis
303 672 515 710 satisfacere
534 685 582 710 ex
602 685 659 720 eo,
680 671 784 723 quod
802 672 855 709 ait
874 685 912 710 se
930 685 1008 710 non
1026 673 1194 723 potuisse

75 726 205 765 adesse
215 727 270 765 ita
280 734 324 764 ut
333 727 484 775 juratus
498 725 641 764 fuerat:
664 726 768 777 quod
783 726 815 764 si
829 726 878 764 ad
892 726 1100 764 exercitum
1115 739 1193 765 non

77 780 251 829 venisset,
282 781 371 819 idne
395 780 551 818 tribuno
569 780 740 818 militum
758 780 897 818 diceret
911 780 958 818 ?'’
994 780 1083 818 Hoc
1108 780 1194 818 ideo

76 833 256 873 vitiosum
274 842 343 881 est,
363 833 455 886 quia
473 846 550 872 non
570 834 746 885 expedita
764 842 830 872 aut
846 834 1016 884 judicata
1034 846 1106 881 reS,
1127 835 1192 872 sed

75 887 273 939 impedita,
304 897 341 927 et
367 889 408 926 in
435 888 553 926 simili
580 888 832 926 controversia
858 889 995 940 posita,
1025 888 1193 940 exempli

74 942 158 980 loco
182 942 383 994 profertur.
424 942 526 980 Item
553 941 733 980 vitiosum
759 950 827 990 ffit,
853 955 942 980 cum
968 942 1022 990 id,
1043 942 1090 980 de
1115 955 1195 993 quo

73 1009 227 1035 summa
252 996 503 1036 controversia
527 1002 595 1043 eet,
616 1009 755 1047 pamm
774 996 990 1047 expeditur,
1010 1003 1062 1045 et,
1083 996 1193 1048 quasi

72 1057 310 1090 transactum
328 1050 391 1099 sit,
411 1050 653 1101 relinquitur,
674 1050 746 1089 hoc
764 1050 904 1089 modo:

132 1155 161 1176 a<
180 1153 329 1205 Aperte
346 1153 449 1192 fatur
467 1152 596 1200 dictio,
618 1153 649 1192 si
668 1153 872 1205 intelligas.

129 1207 223 1245 Tali
239 1207 322 1246 dari
339 1221 461 1255 arma,
480 1208 618 1259 qualis,
640 1208 708 1259 qui
727 1208 854 1259 gessit,
874 1206 964 1255 fuit,

129 1261 268 1310 Jubet,
283 1261 398 1313 potiri
415 1262 447 1300 si
465 1261 686 1300 studeamus
705 1262 894 1313 Pergamo
910 1276 923 1307 ς

132 1315 265 1362 Quem
283 1328 354 1366 ego
367 1315 545 1366 profiteor
563 1328 641 1354 esse
659 1328 745 1353 me:
774 1328 839 1354 me
857 1327 1013 1366 aequum
1033 1321 1088 1353 est
1106 1313 1182 1353 frui

77 1403 81 1407 .
132 1369 326 1407 Fraternis
344 1369 474 1415 armis,
494 1368 667 1421 mihique
686 1369 951 1419 adjudicarier,

132 1423 210 1462 Vel
228 1423 333 1475 quod
350 1423 602 1475 propinquus,
622 1423 683 1462 vel
702 1422 806 1475 quod
825 1423 975 1462 virtutis
993 1421 1196 1461 aemulus.’'

80 1525 183 1564 Item
201 1525 380 1564 vitiosum
399 1533 468 1574 est,
484 1525 611 1577 ipsum
632 1526 704 1564 sibi
722 1526 762 1564 in
781 1526 851 1564 sua
869 1526 1037 1564 oratione
1055 1525 1198 1563 dissen-

78 1580 163 1629 tire,
183 1588 221 1618 et
239 1586 370 1619 contra
381 1592 438 1629 ea,
453 1593 540 1632 quoe
551 1588 638 1618 ante
649 1580 801 1628 dixerit,
818 1580 955 1630 dicere,
968 1580 1040 1618 hoc
1054 1579 1170 1618 modo
1185 1594 1195 1617 ε

134 1658 164 1678 “
183 1654 316 1703 Quare
334 1667 507 1694 accusem
528 1655 647 1704 hunc,
674 1666 823 1707 nequeo
848 1653 1070 1707 exputando
1096 1654 1198 1694 evol-

240 1721 340 1747 vere.

131 1762 253 1810 Nam,
274 1762 305 1801 si
323 1769 487 1810 veretur,
503 1762 599 1814 quid
617 1775 707 1802 eum
726 1776 916 1812 accusem,
937 1763 1005 1815 qui
1025 1769 1081 1801 est
1108 1774 1197 1814 pro-

240 1818 314 1855 bus
328 1819 347 1855 ἒ

133 1870 203 1909 Sin
222 1871 521 1909 inverecundum
539 1871 660 1909 animi
677 1871 876 1922 ingenium
895 1870 1074 1923 possidet,

133 1924 244 1973 Quid
270 1937 575 1997 eum„accusem,
603 1925 672 1977 qui
700 1926 741 1965 id
769 1925 878 1978 parvi
910 1925 1044 1964 auditu
1069 1924 1198 1964 existi-

244 1986 326 2017 met
337 1981 355 2017 ’ἓ

133 2075 320 2115 XXVII.
362 2076 455 2115 Non
491 2076 736 2116 incommoda
767 2077 912 2115 ratione
945 2076 1095 2115 videtur
1127 2075 1199 2113 sibi

74 2130 303 2179 ostendisse,
322 2143 440 2182 quare
458 2143 536 2170 non
554 2140 756 2171 accusaret.
786 2131 925 2179 Quid?
955 2138 1083 2183 postea
1106 2128 1200 2181 quid

83 2185 137 2223 ait
152 2187 170 2223 ‚⁹

143 2239 343 2287 (Rhetor.)
366 2249 470 2280 voL.
496 2251 544 2278 11.
848 2249 875 2276 R
