1456 2396
247 77 331 117 AD
351 76 732 127 HERENNIUM,
754 77 854 116 LIB.
877 76 954 117 IV.
975 77 1081 118 CAP.
1098 77 1160 117 14.
1189 77 1270 117 223

151 185 246 239 quid
261 193 331 234 est,
347 186 451 238 quod
470 186 540 224 tibi
558 193 670 237 putes
688 186 842 225 concedi
856 194 1027 238 oportere
1040 189 1059 226 Ρ
1088 186 1181 226 Νο11
1192 187 1276 236 jus-

147 241 359 291 jurandum
377 241 564 292 reliquisti
578 243 596 279 ?
614 253 692 278 non
707 241 847 279 amicos
861 241 1059 292 prodidisti
1073 243 1091 280 ‚⁹
1110 254 1188 280 non
1206 255 1276 293 pa-

153 295 251 334 renti
265 307 403 333 manus
421 295 615 333 intulisti?
636 307 713 332 non
733 295 898 347 denique
915 295 957 332 in
975 295 1081 333 omni
1095 295 1277 334 dedecore

152 350 345 387 volutatus
364 362 403 387 es
417 349 464 388 ?'’
508 349 606 387 Haec
620 349 829 397 exornatio,
850 362 939 387 cum
953 351 1124 388 multum
1140 363 1279 389 venus-

151 404 242 441 tatis
259 403 389 451 habet,
415 411 501 441 tum
526 403 721 454 gravitatis
747 412 784 441 et
809 403 1025 442 acrimoniae
1049 405 1277 455 plurimum.

155 457 288 506 Quare
306 458 456 496 videtur
475 471 553 496 esse
571 457 801 506 adhibenda,
817 465 854 497 et
873 458 922 496 ad
940 458 1154 497 ornandam
1173 467 1211 498 et
1229 458 1279 497 ad

151 512 418 564 exaugendam
437 513 659 551 orationem.

209 567 415 606 Conversio
434 574 503 615 est,
522 580 591 618 per
609 580 728 619 quam
747 579 840 614 non,
855 574 900 605 ut
915 575 1017 614 ante,
1033 566 1203 619 primum
1219 581 1280 606 re-

154 622 322 673 petimus
346 623 522 670 verbum,
550 621 615 659 sed
641 622 689 660 ad
711 629 949 673 postremum
968 622 1202 661 continenter
1220 636 1280 661 re-

154 677 351 724 vertimur,
386 677 459 714 hoc
486 675 602 714 modo
619 691 629 714 z
662 679 692 700 “
713 676 852 714 Poenos
882 676 1049 727 populus
1077 676 1281 715 Romanus

149 731 300 780 justitia
331 731 433 778 vicit,
463 731 580 769 armis
605 731 709 780 vicit,
738 730 964 769 liberalitate
991 730 1121 769 vicit.”
1161 731 1279 778 Item,

156 787 184 807 “
205 785 271 823 Ex
290 798 367 837 quo
386 793 556 837 tempore
576 786 775 824 concordia
799 785 846 823 de
872 785 1021 823 civitate
1040 785 1191 823 sublata
1209 792 1280 832 est,

154 839 308 878 libertas
322 840 473 878 sublata
488 848 557 887 est,
573 840 667 878 fides
686 840 837 879 sublata
855 847 925 887 est,
946 839 1112 878 amicitia
1131 840 1281 877 sublata

152 901 222 941 est,
243 895 458 956 respublica
472 869 622 933 sublata
636 895 731 934 est.'’
761 893 887 942 Item,
897 897 926 917 ‘⁶
943 893 987 932 C.
1005 894 1150 932 Laelius
1163 894 1282 932 homo

150 961 273 987 navus
302 957 396 997 erat,
417 949 636 1010 ingeniosus
655 957 748 999 erat,
769 950 902 987 doctus
931 958 1025 996 erat,
1054 948 1164 986 bonis
1192 948 1282 986 viris

155 1010 193 1042 et
205 1003 381 1042 studiosis
395 1004 541 1042 amicus
552 1012 655 1042 erat:
678 1017 767 1055 ergo
785 1004 825 1041 in
838 1003 988 1042 civitate
998 1002 1147 1054 primus
1159 1010 1250 1041 erat.
1254 1002 1280 1020 '⁹

156 1058 274 1107 Item,
303 1061 331 1081 ‘⁴
347 1059 455 1096 Nam
482 1071 571 1097 cum
589 1059 694 1106 istos,
715 1066 760 1097 ut
784 1058 982 1096 absolvant
1007 1065 1059 1105 te,
1086 1070 1210 1108 rogas,
1238 1064 1284 1095 ut

154 1114 341 1164 pejerent,
358 1126 494 1164 rogas;
515 1121 559 1151 ut
573 1113 894 1151 existimationem
914 1112 1124 1164 negligant,
1144 1125 1281 1163 rogas;

156 1175 200 1206 ut
218 1168 320 1219 leges
338 1167 474 1219 populi
497 1168 668 1207 Romani
692 1176 770 1206 tuae
794 1167 945 1207 libidini
969 1166 1195 1218 largiantur,
1222 1179 1284 1205 ro-

239 1223 265 1240 '²

210 1277 331 1316 XIV.
353 1276 580 1329 Complexio
600 1285 669 1326 est,
690 1291 778 1330 quae
796 1284 1001 1328 utramque
1019 1274 1284 1327 complectitur

157 1331 459 1379 exornationem,
480 1341 517 1370 et
530 1333 642 1379 hanc,
660 1340 697 1370 et
716 1345 835 1384 quam
850 1339 938 1369 ante
957 1331 1218 1383 exposuimus,
1238 1337 1284 1368 ut

157 1394 195 1424 et
214 1394 406 1438 repetatur
424 1387 529 1425 idem
547 1387 720 1439 primum
738 1388 899 1425 verbum
918 1386 1070 1437 saepius,
1091 1392 1128 1423 et
1153 1386 1284 1423 crebro

156 1441 207 1479 ad
231 1441 334 1480 idem
359 1449 597 1493 postremum
617 1449 866 1488 revertamur,
892 1441 965 1479 hoc
983 1439 1123 1478 modo·
1156 1442 1185 1462 ‘⁶
1201 1438 1284 1487 Qui

156 1503 261 1544 sunt,
293 1496 362 1548 qui
391 1495 533 1535 foedera
561 1509 660 1548 saepe
689 1497 907 1547 ruperunt?
938 1493 1282 1545 Carthaginienses.

157 1550 241 1598 Qui
266 1558 369 1598 sunt,
398 1551 467 1602 qui
491 1551 643 1589 crudele
667 1551 815 1589 bellum
843 1550 884 1588 in
912 1549 1028 1587 Italia
1056 1556 1252 1600 gesserunt
1265 1550 1284 1587 Ρ

157 1605 502 1657 Carthaginienses.
547 1605 630 1653 Qui
655 1612 758 1653 sunt,
786 1604 855 1656 qui
874 1604 1030 1643 Italiam
1049 1602 1287 1641 deformave-

156 1668 272 1698 runt.
262 1662 280 1686 ⁹
310 1659 653 1711 Carthaginienses.
685 1659 768 1707 Qui
787 1666 890 1705 sunt,
911 1658 980 1710 qui
999 1657 1071 1696 sibi
1090 1658 1287 1709 postulant

155 1714 327 1765 ignosci
317 1716 334 1742 ⁹
349 1714 694 1766 Carthaginienses.
711 1714 852 1753 Videte
864 1726 967 1764 ergo,
982 1712 1077 1764 quid
1088 1724 1183 1750 com
1185 1712 1288 1750 eniat

159 1782 222 1807 eos
251 1769 467 1821 impetrare.
471 1769 497 1787 ''
542 1769 658 1817 Item,
688 1770 716 1791 ‘⁶
733 1768 866 1817 Quem
896 1775 1049 1806 senatus
1077 1766 1286 1814 damnarit,

159 1836 277 1874 quem
307 1824 475 1875 populus
503 1824 706 1862 Romanus
732 1822 938 1869 damnarit,
966 1834 1083 1873 quem
1110 1820 1287 1859 omnium

161 1878 390 1917 existimatio
413 1878 620 1927 damnarit,
649 1891 740 1917 eum
759 1891 825 1916 vos
843 1876 1038 1916 sententiis
1065 1875 1196 1915 vestris
1219 1877 1287 1914 ab·

160 1933 358 1971 solvens?
362 1933 373 1950 ’

216 1987 427 2026 Traductio
453 1994 522 2036 est,
550 2001 638 2039 quae
662 1987 767 2036 facit,
794 1994 852 2034 ut,
884 1998 974 2025 cum
998 1985 1101 2024 idem
1127 1985 1287 2023 verbum

161 2042 330 2080 crebrius
354 2049 533 2093 ponatur,
559 2055 638 2080 non
663 2042 779 2081 modo
804 2054 881 2080 non
907 2040 1074 2079 offendat
1097 2039 1288 2086 animum,

161 2096 228 2134 sed
245 2096 362 2134 etiam
381 2096 661 2135 concinniorem
675 2097 885 2135 orationem
899 2095 1046 2143 reddat,
1066 2095 1138 2132 hoc
1151 2100 1262 2144 pacto
1275 2106 1287 2130 ι

165 2152 193 2172 “
214 2151 297 2199 Qui
316 2151 413 2189 nihil
432 2151 549 2189 habet
567 2151 608 2188 in
627 2151 707 2189 vita
722 2150 931 2201 jucundius
950 2149 1043 2196 vita,
1059 2149 1091 2187 is
1110 2160 1199 2186 cum
1214 2147 1289 2185 vir-

161 2212 243 2244 tute
261 2206 381 2245 vitam
400 2217 477 2245 non
496 2212 618 2257 potest
638 2206 799 2246 colere.''
842 2205 958 2253 Item,
982 2206 1010 2228 ‘⁶
1030 2203 1138 2243 Eum
1157 2209 1200 2241 tu
1218 2201 1290 2240 ho-
