1456 2396
177 120 230 160 56
502 114 762 165 ORATOR,
779 113 884 154 CAP.
907 115 975 160 57.

183 235 240 267 eet
264 225 429 266 studiose
455 224 672 277 inquirente
697 225 738 262 in
757 231 865 273 eum)
884 222 1060 262 immittit
1077 221 1303 284 imprudens

182 283 264 343 ipse
293 280 498 319 senarium.
539 279 598 318 Sit
625 279 744 330 igitur
770 279 842 317 hoc
869 278 1081 330 cognitum,
1107 277 1148 315 in
1171 277 1306 316 solutis

187 337 304 375 etiam
330 334 454 374 verbis
478 333 599 371 inesse
626 345 819 383 numeros,
840 333 1068 385 eosdemque
1086 345 1166 371 esse
1183 338 1308 371 orato-

188 390 278 436 rios,
295 389 364 440 qui
381 388 457 427 sint
473 387 623 439 poetici.

243 443 382 482 LVII
412 441 594 493 Sequitur
613 453 716 492 ergo,
747 448 805 489 ut,
836 440 905 493 qui
922 440 1093 479 maxime
1111 439 1277 479 cadant
1266 453 1308 479 m

189 497 401 537 orationem
419 503 548 547 aptam
568 495 734 544 numeri,
754 495 965 534 videndum
983 495 1043 534 sit.
1087 496 1188 533 Sunt
1205 495 1310 534 enim

192 552 261 604 qui
286 550 497 589 iambicum
515 557 666 601 putent,
677 549 802 610 ..quod
811 550 860 588 sit
878 549 1040 588 orationi
1059 548 1308 595 simillimus3

193 621 273 659 qua
290 605 339 644 de
363 617 478 643 causa
495 603 592 665 fieri,
612 612 656 642 ut
675 604 706 642 is
725 603 983 655 potissimum,
1003 610 1158 655 propter
1176 603 1312 642 51111111-

194 660 369 699 tudinem
393 658 573 707 veritatis,
597 658 824 696 adhibeatur
849 657 891 695 in
918 657 1086 703 fabulis3
1116 657 1221 709 quod
1247 657 1315 696 ille

194 714 403 765 dactylicus
427 725 611 751 numerus
637 713 949 750 hexametrorum
975 711 1316 763 magniloquentiae

197 769 247 807 sit
264 767 593 806 accommodatior.
641 766 823 818 Ephorus
842 773 987 814 autem,
1007 765 1102 804 levis
1127 765 1210 817 ipse
1231 779 1317 805 ora-

200 830 273 872 tor,
293 821 359 860 sed
376 821 566 873 profectus
585 834 632 859 ex
652 820 798 872 optima
816 820 1031 872 disciplina,
1046 832 1182 871 paeona
1192 820 1319 872 sequi-

201 884 279 925 tur,
300 882 368 914 aut
392 875 615 927 dactylum:
646 875 746 926 fugit
771 882 902 913 autem
929 874 1157 926 spondeum,
1177 882 1216 913 et
1241 882 1319 913 tro-

200 931 363 969 chaeum.
392 929 511 978 Quod
530 929 633 967 enim
651 941 761 980 paeon
780 929 920 968 habeat
937 936 1012 967 tres
1029 930 1177 978 breves,
1188 929 1321 981 dacty-

200 986 262 1024 lus
281 993 408 1023 autem
430 983 539 1033 duas,
559 984 742 1022 brevitate
761 990 798 1022 et
815 983 1005 1022 celeritate
1019 983 1254 1035 syllabarum
1265 983 1322 1021 la-

202 1039 245 1078 bi
275 1046 386 1091 putat
418 1040 532 1077 verba
568 1038 771 1089 proclivius
786 1052 795 1075 :
838 1045 1045 1089 contraque
1079 1037 1247 1076 accidere
1282 1038 1324 1078 in

204 1092 372 1145 spondeo
402 1099 440 1132 et
467 1091 651 1142 [trochaeo
664 1093 699 1145 ς]
728 1092 831 1144 quod
856 1092 952 1130 alter
974 1091 1099 1143 longis
1124 1098 1325 1141 constaret,

206 1148 301 1186 alter
330 1160 351 1186 e
379 1147 558 1185 brevibus
584 1147 703 1195 fieret,
727 1147 887 1184 alteram
906 1145 1021 1185 nimis
1038 1146 1250 1195 incitatam,
1269 1148 1325 1186 al·

207 1208 328 1240 teram
358 1201 474 1239 nimis
502 1200 653 1239 tardam
680 1200 906 1250 orationem,
934 1207 1111 1239 neutram
1137 1208 1329 1252 tempera„

208 1264 302 1295 tam.
346 1255 422 1294 Sed
441 1263 477 1294 et
496 1255 553 1292 illi
572 1255 713 1306 priores
733 1262 872 1304 errant,
893 1262 931 1294 et
949 1255 1130 1307 Ephorus
1146 1254 1189 1293 in
1212 1255 1331 1307 culpa

209 1318 289 1349 est·
319 1322 411 1347 nam
430 1316 468 1348 et
486 1309 553 1361 qui
571 1322 707 1361 paeona
724 1316 966 1361 praetereunt,
986 1321 1065 1348 non
1082 1308 1214 1348 vident
1229 1310 1331 1348 mol-

211 1364 402 1402 lissimum
435 1377 458 1402 a
488 1376 566 1402 sese
594 1376 816 1412 numerum,
851 1364 1108 1425 eumdemque
1139 1363 1331 1415 amplissi-

211 1431 338 1480 mum,
353 1417 549 1469 praeteriri.
578 1417 696 1466 Quod
707 1418 820 1469 longe
834 1417 1034 1456 Aristoteli
1045 1417 1196 1456 videtur
1209 1431 1330 1469 secus,

210 1473 279 1525 qui
308 1473 454 1522 judicat
482 1472 645 1510 heroum
673 1485 881 1511 numerum
914 1472 1171 1535 grandiorem,
1210 1485 1333 1525 quam

213 1526 398 1565 desideret
417 1526 541 1565 soluta
558 1526 704 1565 oratio·
694 1556 704 1565 .
734 1526 912 1565 iambum
925 1534 1056 1565 autem
1073 1526 1189 1565 nimis
1208 1539 1230 1566 e
1248 1528 1335 1566 vul-

214 1581 297 1632 gari
316 1593 394 1619 esse
413 1593 597 1619 sermone.
628 1580 690 1619 Ita
704 1593 829 1633 neque
846 1580 1037 1620 humilem
1054 1593 1125 1619 nec
1142 1581 1336 1631 abjectam

215 1635 441 1682 orationem,
457 1647 526 1673 nec
544 1635 659 1674 nimis
678 1635 797 1674 altam
816 1642 855 1673 et
871 1642 1155 1686 exaggeratam,
1169 1637 1334 1688 probat:

217 1690 374 1742 plenam
398 1696 529 1727 tamen
555 1702 640 1727 eam
665 1690 749 1728 vult
774 1702 854 1728 esse
877 1689 1088 1751 gravitatis,
1105 1696 1151 1728 ut
1169 1702 1246 1739 eos,
1267 1690 1337 1742 qui

218 1743 389 1791 audient,
409 1743 459 1781 ad
477 1743 662 1792 majorem
681 1743 972 1782 admirationem
990 1743 1109 1806 possit
1126 1742 1336 1785 traducere.

219 1797 454 1836 Trochaeum
468 1805 613 1845 autem,
627 1798 695 1850 qui
709 1806 766 1837 est
779 1797 913 1837 eodem
927 1798 1063 1850 spatio,
1075 1810 1154 1850 quo
1165 1797 1340 1849 choreus,

221 1852 418 1891 cordacem
436 1851 618 1903 appellat,
639 1852 731 1903 quia
748 1852 953 1892 contractio
971 1859 1010 1892 et
1033 1851 1201 1892 brevitas
1217 1852 1346 1914 digni-

222 1914 342 1945 tatem
359 1917 438 1944 non
456 1906 606 1944 habeat.
648 1906 710 1945 Ita
727 1918 862 1958 paeona
879 1908 1030 1959 probat,
1057 1919 1178 1958 eoque
1204 1906 1258 1945 ait
1284 1907 1345 1945 uti

220 1973 368 2009 omnes,
389 1959 482 1998 sed
472 1973 573 2011 1psos
591 1972 668 1998 non
687 1961 838 2009 sentire,
858 1974 948 1999 cum
967 1968 1150 2000 utantur:
1180 1973 1260 2000 esse
1273 1974 1343 2000 au-

223 2022 303 2053 tem
321 2013 477 2053 tertium
496 2026 540 2052 ac
555 2013 728 2052 medium
742 2015 842 2054 inter
854 2015 940 2054 iHos
956 2029 968 2062 3
999 2015 1065 2054 sed
1078 2014 1132 2053 ita
1149 2014 1268 2058 factos
1282 2028 1346 2054 eos

223 2068 340 2121 pedes
359 2080 453 2116 esse,
473 2075 518 2106 ut
534 2067 576 2105 in
595 2068 647 2106 eis
666 2068 826 2120 singulis
843 2069 981 2108 modus
999 2069 1090 2108 insit
1107 2075 1175 2107 aut
1198 2069 1345 2121 sesqui-

226 2123 332 2175 plex,
366 2129 434 2160 aut
457 2122 616 2174 duplex,
646 2130 712 2160 aut
739 2136 820 2174 par.
869 2123 1008 2176 Itaque
1034 2123 1106 2171 illi,
1135 2123 1184 2161 de
1206 2124 1350 2175 quibus

227 2184 317 2216 ante
335 2177 431 2225 dixi,
451 2177 720 2215 tantummodo
739 2178 1020 2216 commoditatis
1044 2177 1262 2216 habuerunt
1286 2191 1348 2216 ra-

231 2232 391 2281 tionem,
412 2231 561 2271 nullam
577 2230 783 2283 dignitatis.
814 2231 975 2274 Iambus
995 2232 1099 2273 enim
1118 2239 1155 2272 et
1172 2231 1348 2284 dactylus
