1456 2396
229 98 283 146 74
583 92 816 143 TOPICA,
837 92 943 132 CAP.
960 94 997 131 4.

227 202 411 254 ejusdem.
453 201 642 254 Ejusdem
661 209 791 242 autem
810 202 959 254 generis
982 202 1099 241 verba
1124 206 1229 249 sunt,
1248 211 1354 251 quae‚·

226 266 311 298 orta
329 260 378 296 ab
398 269 498 319 uno,
512 258 614 296 varie
632 263 934 306 commutantur,
954 263 1000 294 ut
1017 255 1181 318 sapiens,
1201 254 1355 306 sapien-

228 320 301 359 ter,
339 311 535 363 sapientia.
581 312 679 350 Haec
710 313 916 350 verborum
949 309 1169 362 conjugatio
1206 311 1354 354 Συζυγια

227 367 383 414 dicitur,
404 379 452 404 ex
466 380 545 418 qua
557 366 783 428 hujumodi
794 373 849 404 est
863 372 1166 416 argumentum:
1195 362 1238 402 Si
1249 374 1355 401 oom-

230 434 396 473 pascuus
415 434 504 471 ager
523 429 591 482 est,
609 422 674 470 jus
693 428 749 459 est
768 432 1020 471 compascere.

283 475 326 513 A
346 487 483 526 genere
510 475 562 513 sic
588 475 766 513 ducitur.
799 473 998 522 Quoniam
1017 480 1220 524 argentum
1239 482 1355 509 omne

230 529 386 567 mulieri
403 529 575 580 legatum
594 537 663 578 est,
685 541 763 567 non
777 536 900 580 potest
919 541 963 566 ea
981 527 1158 580 pecunia,
1175 538 1262 578 quae
1281 537 1354 562 nu-

229 591 377 622 merata
408 583 514 621 domi
542 583 672 622 relicta
704 591 773 631 est,
808 595 885 621 non
923 595 1001 621 ffise
1037 583 1189 633 legata·
1177 609 1190 626 ‚
1230 579 1356 617 forma

231 638 336 676 enim
368 651 391 675 a
423 650 574 688 genere,
604 638 733 691 quoad
761 650 876 675 suum
903 649 1046 675 nomen
1074 635 1225 697 retinet,
1254 645 1357 671 nun-

231 705 352 744 quam
378 692 615 743 sejungitur.
647 699 848 730 numerata
873 699 1004 729 autem
1029 689 1193 742 pecunia
1213 699 1358 726 nomen

232 745 380 797 argenti
398 746 557 784 retinet:
588 746 714 797 legata
732 746 851 797 igitur
869 745 1030 784 videtur.

283 800 325 838 A
345 800 471 838 forma
488 801 650 851 generis,
671 813 790 852 quam
808 800 1018 847 interdum,
1035 812 1114 852 quo
1127 798 1282 850 planius
1296 809 1359 835 ac-

232 854 410 906 cipiatur,
437 864 584 906 partem
614 855 702 893 licet
728 855 939 902 nominare,
966 854 1039 893 hoc
1064 853 1205 892 modo·
1237 851 1280 890 Si
1304 851 1359 888 113

232 909 366 947 Fabiae
383 909 546 960 pecunia
564 910 691 959 legata
710 918 765 947 est
784 923 806 946 a
825 909 920 955 vim,
942 908 973 947 si
999 922 1043 947 ea
1061 921 1160 946 uxor
1177 905 1359 945 materfa-

233 963 361 1001 milias
381 971 502 1009 esset;
529 964 560 1001 si
579 977 623 1001 ea
641 964 682 1001 in
701 976 863 1001 manum
885 961 997 1015 [viri]
1019 975 1097 1000 non
1116 967 1357 1008 convenerat,

233 1017 333 1055 nihil
344 1017 514 1056 debetur.
537 1017 670 1056 Genus
683 1018 786 1056 enini
799 1025 854 1056 est
865 1030 984 1055 uxor:
1007 1018 1089 1067 ejus
1101 1016 1189 1054 duae
1199 1015 1357 1054 formae·
1344 1042 1358 1059 ,

233 1085 314 1110 una
331 1072 670 1110 matrumfamilias
689 1085 836 1119 earum,
857 1085 945 1123 quae
969 1072 1010 1109 in
1035 1083 1198 1109 manum
1222 1081 1362 1108 conve-

234 1134 402 1172 nerunt3
433 1127 564 1173 altera,
580 1139 727 1174 earum,
744 1140 832 1177 quae
850 1125 1120 1164 tantummodo
1138 1137 1277 1163 uxores
1290 1123 1360 1161 ha-

236 1182 400 1219 bentur:
433 1181 511 1232 qua
529 1180 570 1218 in
589 1188 697 1232 parte
716 1193 805 1219 cum
830 1180 947 1218 fuerit
972 1180 1108 1228 Fabia,
1128 1179 1301 1230 legatum
1325 1177 1361 1216 ei

237 1247 316 1273 non
331 1234 493 1272 videtur.

289 1288 331 1326 A
347 1288 611 1336 similitudine,
627 1288 700 1327 hoc
713 1289 829 1327 modo
844 1303 854 1327 ε
886 1288 928 1326 Si
940 1288 1038 1327 aedoe
1052 1301 1107 1326 eae
1120 1294 1359 1337 corruerunt,

236 1342 423 1381 vitiumve
448 1343 633 1390 fecerunt,
661 1356 827 1394 quarum
854 1343 1096 1381 ususfructus
1113 1343 1263 1393 legatus
1290 1348 1362 1389 est,

236 1397 357 1436 haeres
376 1397 572 1435 restituere
589 1409 667 1435 non
692 1398 820 1444 debet,
840 1410 910 1436 nec
934 1397 1099 1445 reficere,
1119 1409 1198 1435 non
1222 1395 1364 1447 magiS,

237 1464 357 1502 quam
377 1464 530 1489 servum
556 1452 768 1501 restituere,
788 1452 821 1491 si
845 1452 892 1501 is,
913 1453 1023 1502 cujus
1048 1451 1290 1490 ususfructus
1307 1450 1363 1488 le·

237 1513 350 1557 gatus
370 1514 438 1553 est,
460 1505 678 1557 deperisset.

292 1560 334 1597 A
355 1560 592 1598 differentia:
626 1560 732 1608 Non,
754 1560 787 1599 si
803 1560 917 1599 uxori
934 1560 992 1599 vir
1009 1560 1151 1612 legavit
1169 1571 1285 1599 omne
1303 1571 1364 1597 ar-

238 1622 414 1666 gentum,
443 1614 548 1666 quod
573 1627 688 1652 suum
713 1622 822 1663 esset,
842 1615 995 1663 idcirco,
1017 1628 1105 1666 quae
1129 1615 1170 1652 in
1195 1613 1364 1652 nomini-

238 1670 312 1707 bus
338 1667 508 1716 fuerunt,
529 1669 655 1719 legata
681 1677 795 1707 sunt:
826 1670 996 1707 multum
1023 1668 1128 1706 enim
1154 1668 1294 1715 differt,
1321 1667 1364 1705 in

237 1722 374 1760 3183118
393 1723 562 1774 Ρο51111111
582 1723 629 1760 sit
649 1730 866 1774 argentum,
883 1736 933 1761 an
951 1723 992 1761 in
1011 1723 1153 1761 tabulis
1167 1722 1362 1760 debeatur.

292 1776 358 1814 Ex
371 1777 558 1816 contrario
570 1785 715 1825 autem,
728 1777 781 1816 sic
795 1792 805 1815 ε
837 1777 879 1815 N
881 1790 931 1816 on
943 1777 1056 1815 debet
1075 1790 1120 1815 ea
1132 1777 1287 1823 mulier,
1300 1776 1364 1815 cui

237 1830 296 1869 vir
309 1832 500 1869 bonorum
519 1844 677 1870 suorum
695 1831 982 1870 usumfructum
1007 1831 1163 1882 legavit,
1184 1830 1288 1870 cellis
1307 1829 1366 1868 vi-

239 1885 356 1923 uariis
371 1893 409 1924 et
427 1885 574 1924 oleariis
593 1886 716 1937 plenis
734 1886 886 1933 relictis,
908 1893 1044 1938 putare
1062 1885 1103 1923 id
1121 1885 1172 1923 ad
1190 1898 1230 1924 se
1247 1884 1366 1937 pei-ti-

241 1951 356 1977 nere:
388 1953 481 1978 usus
501 1940 618 1988 enim,
639 1952 717 1979 11011
737 1942 893 1990 abusus,
920 1941 1069 1992 legatus
1088 1947 1156 1978 est.
1192 1939 1255 1978 Ea
1273 1947 1365 1978 sunt

241 1993 342 2032 inter
361 2006 400 2032 se
419 1995 618 2033 contraria.

299 2047 376 2086 IV.
405 2048 474 2086 Ab
493 2049 712 2098 adjunctis.
744 2049 786 2088 Si
804 2062 849 2088 ω
866 2049 1006 2087 mulier
1020 2054 1294 2087 testamentum
1312 2047 1371 2085 fe-

244 2101 310 2148 cit,
326 2115 414 2153 quae
433 2115 472 2140 se
490 2103 612 2164 capite
626 2115 826 2155 nunquam
847 2103 1045 2151 diminuit,
1060 2115 1139 2141 non
1154 2102 1305 2141 videtur
1319 2114 1367 2140 ex

242 2155 365 2194 edicto
383 2157 554 2207 praetoris
573 2157 784 2196 secundum
804 2171 866 2196 eas
885 2158 1036 2196 tabulas
1059 2169 1244 2210 1105585510
1268 2156 1364 2194 dari.

241 2209 486 2262 Adjungitur
504 2212 621 2262 enim,
643 2220 687 2252 ut
705 2213 916 2253 secundum
929 2225 1139 2261 servorum,
1152 2210 1367 2252 secundum
