1456 2396
206 87 690 130 ACADEMICORUM
723 88 894 128 L113.11.
909 88 1015 128 CAP.
1032 89 1094 128 14.
1135 89 1212 128 301

101 198 257 251 percipi,
278 199 353 237 alia
368 208 446 236 non
466 197 632 249 percipi:
663 197 760 236 nihil
778 197 954 236 interesse
973 205 1116 247 autem,
1137 209 1215 236 non

101 253 216 291 modo
231 253 262 291 si
280 265 328 291 ex
342 251 448 290 omni
465 258 572 302 parte
591 252 761 301 ejusdem
779 252 886 290 modi
905 253 994 300 sint,
1016 252 1081 290 sed
1099 252 1215 290 etiam

101 307 134 345 si
151 306 311 345 discerni
330 317 406 344 non
425 305 582 357 possint„
623 306 777 352 Quibus
802 306 947 357 positis,
968 306 1082 343 unius
1102 319 1215 356 argu-

99 360 220 398 menti
239 359 478 399 conclusione
497 366 575 397 tota
594 361 642 397 ab
660 359 720 397 his
739 373 850 397 causa
869 360 1214 410 comprehenditur.

100 414 323 465 Composita
340 420 470 451 autem
489 426 534 451 ea
552 413 741 451 conclusio
761 413 812 451 sic
831 421 908 452 est:
939 414 1103 459 Eorum,
1129 427 1216 464 quae

97 467 289 515 videntur,
310 468 385 506 alia
403 480 491 506 vera
515 475 618 514 sunt,
634 467 709 505 alia
725 467 846 505 falsa:
878 475 929 514 et,
951 468 1054 519 quod
1073 468 1215 505 falsum

96 528 167 570 (Ξῖ,
191 522 232 560 id
249 521 392 573 percipi
410 533 487 559 non
505 528 653 572 potest:
675 521 779 572 quod
793 529 921 559 autem
941 535 1075 559 verum
1090 522 1216 559 visum

95 583 166 622 oet,
186 575 226 614 id
244 588 358 614 omne
377 576 452 613 tale
471 583 539 622 est,
560 582 605 613 ut
623 575 794 625 ejusdem
814 575 921 613 modi
938 575 1079 613 falsum
1100 576 1215 613 etiam

95 629 215 681 possit
239 629 370 667 videri.
410 629 478 677 Et,
500 642 587 681 quae
605 630 685 667 visa
705 637 794 667 sunt
812 629 1014 678 ejusmodi,
1035 638 1079 667 ut
1104 630 1144 666 in
1169 630 1216 667 iis

95 683 195 721 nihil
215 684 376 732 intersit,
397 695 475 721 non
493 696 602 735 posse
621 683 801 728 accidere,
822 690 866 720 ut
886 696 1018 721 eorum
1038 684 1112 721 alia
1130 696 1216 734 per-

93 737 171 789 cipi
188 738 346 789 possint,
373 737 448 775 ah'a
466 750 544 776 non
568 738 725 789 possint.
763 737 933 775 Nullum
952 737 1069 788 igitur
1088 745 1143 775 est
1161 737 1217 775 vi-

94 804 196 840 sum,
213 792 316 843 quod
329 791 472 843 percipi
483 792 612 843 possit.
629 791 730 839 Quae
741 799 870 829 autem
883 798 1056 837 sumunt,
1069 799 1113 828 ut
1128 804 1217 829 con-

93 845 251 884 cludant
271 845 312 883 id
334 846 439 897 quod
459 846 608 893 volunt,
630 859 677 884 ex
695 845 755 883 his
778 845 855 884 duo
875 845 946 883 sibi
965 852 1104 896 putant
1126 857 1217 883 con-

93 899 201 938 cedi:
222 912 346 951 neque
361 900 464 938 enim
484 900 690 952 quisquam
701 907 901 951 repugnat.
930 898 992 937 Ea
1007 906 1096 937 sunt
1107 898 1188 937 haec
1203 912 1214 936 :

91 952 197 1001 Quae
220 954 302 992 visa
325 953 422 992 falsa
447 954 536 1002 sint,
565 967 609 992 ea
633 954 777 1005 percipi
795 966 872 992 non
894 965 1027 1005 posse:
1060 960 1097 990 et
1122 953 1219 991 alte-

91 1019 196 1056 rum,
224 1007 332 1046 Inter
350 1021 438 1060 quae
466 1008 546 1046 visa
563 1008 661 1046 nihil
680 1008 840 1054 intersit,
863 1021 909 1046 ex
929 1006 988 1045 his
1006 1019 1085 1045 non
1107 1019 1217 1058 posse

92 1061 169 1100 alia
182 1061 274 1100 talia
288 1074 381 1110 esse,
401 1069 445 1100 ut
463 1062 607 1114 percipi
625 1062 784 1127 possint,
805 1061 880 1099 alia
898 1068 943 1099 ut
960 1073 1037 1098 non
1057 1060 1214 1111 possint.

149 1115 320 1167 Reliqua
344 1129 433 1154 vero
456 1117 585 1154 multa
609 1124 647 1154 et
672 1116 778 1154 varia
803 1115 949 1153 ratione
975 1114 1213 1153 defendunt·

94 1182 184 1221 quae
202 1177 293 1208 sunt
310 1170 404 1208 item
422 1169 524 1208 duo:
555 1182 694 1217 unum,
711 1170 876 1217 Eorum,
891 1183 978 1221 quae
996 1168 1212 1216 videantur,

93 1222 171 1262 alia
201 1236 292 1262 vera
323 1236 416 1271 esse,
444 1223 520 1261 alia
545 1223 668 1269 falsa3
698 1224 878 1270 alterum,
909 1222 1040 1262 Omne
1069 1223 1212 1268 visum,

95 1276 202 1329 quod
220 1277 269 1315 sit
286 1290 310 1315 a
327 1290 430 1325 vero,
457 1278 533 1316 tale
559 1290 651 1326 8558,
673 1278 787 1328 quale
806 1277 921 1315 etiam
941 1290 964 1315 a
981 1277 1078 1315 falso
1096 1277 1216 1338 possit

95 1343 188 1370 esse.
229 1331 328 1370 Haec
353 1331 430 1369 duo
454 1331 648 1383 proposita
673 1343 751 1369 non
777 1331 1057 1382 praetervolant,
1079 1330 1144 1368 sed
1162 1330 1216 1368 ita

93 1384 271 1434 dilatant,
291 1392 337 1423 ut
354 1397 431 1424 non
449 1385 681 1424 mediocrem
699 1398 832 1424 curam
852 1385 1058 1423 adhibeant
1077 1392 1114 1422 et
1128 1384 1217 1422 dili-

93 1439 278 1490 gentiam.
321 1438 515 1477 Dividunt
541 1440 643 1478 enim
669 1439 710 1477 in
735 1446 876 1491 partes,
904 1446 941 1477 et
968 1452 1030 1477 eas
1056 1438 1215 1490 quidem

94 1505 280 1545 magnas:
310 1493 484 1544 primum
501 1493 541 1531 in
562 1506 718 1540 sensus;
740 1493 877 1531 deinde
896 1492 936 1530 in
957 1506 1014 1539 ea,
1036 1506 1123 1544 quae
1142 1492 1215 1530 du-

93 1555 234 1586 cuntur
263 1561 288 1586 a
311 1547 497 1596 sensibus,
526 1555 563 1586 et
588 1549 636 1586 ab
655 1548 762 1586 omni
786 1547 1074 1593 consuetudine,
1096 1559 1215 1598 quam

92 1601 288 1640 obscurari
306 1601 466 1640 volunt:
498 1609 584 1640 tum
610 1602 839 1653 perveniunt
864 1601 914 1639 ad
939 1614 1024 1638 eam
1049 1608 1214 1652 partem,

93 1662 139 1694 ut
163 1668 213 1694 ne
238 1655 384 1694 ratione
410 1655 569 1708 quidem
595 1663 632 1694 et
658 1655 876 1706 conjecturs.
893 1655 975 1693 ulla
994 1668 1054 1693 res
1071 1654 1215 1706 percipi

92 1709 222 1762 possit.

149 1764 248 1803 Haec
270 1770 401 1803 autem
429 1764 607 1804 universa
631 1764 837 1804 concidunt
867 1763 982 1802 etiam
1013 1763 1216 1801 minutius.

91 1817 151 1856 Ut
169 1818 273 1857 enim
291 1819 339 1858 de
357 1819 530 1858 sensibus
547 1820 723 1858 hesterno
742 1830 916 1857 sermone
935 1817 1094 1865 vidistis,
1121 1817 1215 1856 item

93 1871 241 1911 faciunt
269 1872 318 1911 de
346 1874 529 1925 reliquis.
558 1873 599 1911 in
630 1872 868 1924 singulisque
896 1873 1023 1919 rebus,
1051 1884 1147 1922 quas
1173 1871 1215 1908 in

93 1925 257 1965 minima
288 1927 531 1990 dispertiunt,
566 1928 701 1966 volunt
733 1927 891 1972 efficere,
925 1926 985 1964 his
1018 1925 1213 1973 omnibus,

93 1993 182 2032 quae
200 1981 281 2019 visa
299 1981 388 2029 sint,
408 1982 520 2031 veris,
541 1981 723 2031 adjuncta
742 1994 820 2019 esse
838 1980 949 2027 falsa,
970 1993 1058 2031 quae
1077 1992 1099 2017 a
1117 1979 1215 2016 veris

92 2033 192 2126 11111111]
209 2034 410 2074 differant:
441 2049 485 2075 ea
503 2049 593 2075 cum
619 2036 710 2075 talia
736 2035 826 2083 sint,
852 2034 950 2072 nihil
976 2046 1085 2085 posse
1111 2045 1216 2071 com-

119 2101 159 2127 1·8
187 2088 288 2127 endi.

89 2100 118 2141 P
147 2142 268 2182 XIV.
299 2143 414 2182 Hanc
432 2157 503 2195 ego
522 2143 771 2183 subtilitatem
796 2140 1042 2203 philosophia
1057 2139 1214 2201 quidem

91 2196 356 2249 dignissimam
371 2198 517 2248 judico,
538 2199 603 2239 sed
617 2200 666 2240 ab
681 2210 813 2239 eorum
828 2210 957 2247 causa,
978 2195 1046 2249 qui
1064 2194 1119 2234 ita
1137 2193 1214 2234 dis-

145 2252 334 2302 (Philas.)
355 2263 461 2294 vol„
480 2264 531 2293 11.
807 2253 832 2290 2
854 2262 884 2290 D
