1466 2458
484 86 748 138 ORATOR,
778 85 885 127 cip.
910 86 974 126 ιο.
1268 83 1296 122 9

160 199 228 239 ciis
246 205 412 239 versaret
430 212 578 247 causas,
599 197 665 238 sed
685 204 729 236 ut
748 197 788 235 in
807 196 976 236 historiis
990 193 1094 234 bella
1111 200 1296 233 narraret.

163 256 303 307 Itaque
321 267 527 306 nunquam
546 261 603 292 est
622 259 848 291 numeratus
867 258 1005 290 orator.
1035 249 1122 289 Nec
1140 261 1244 297 vero,
1265 247 1300 286 si

159 309 360 348 historiam
375 322 453 348 non
469 308 692 361 scripsisset,
709 319 852 346 nomen
868 307 951 357 ejus
973 304 1093 357 [non]
1116 309 1297 351 exstaret,

159 377 250 403 cum
269 364 483 417 praesertim
507 363 643 402 fuisset
667 363 878 401 honoratus
905 368 943 399 et
961 360 1113 399 nobilis.
1162 359 1299 409 Hujus

159 426 291 458 tamen
321 432 437 458 nemo
468 431 594 471 neque
622 419 829 457 verborum
863 428 990 468 neque
1019 414 1298 454 sententiarum

158 474 388 526 gravitatem
418 473 618 512 imitatur:
650 472 732 521 sed,
760 485 849 512 cum
878 470 1019 508 mutila
1048 469 1228 522 quaedam
1259 474 1299 506 et

158 529 307 568 hiantia
327 529 447 568 locuti
466 536 571 578 sunt,
593 542 681 581 quae
701 527 760 566 vel
781 527 862 566 sine
881 525 1066 577 magistro
1086 525 1208 563 facere
1228 536 1298 575 po-

158 591 332 633 tuerunt,
353 596 556 636 gemianus
575 597 614 622 se
633 590 774 635 putant
793 595 873 621 esse
892 579 1158 632 Thucydidas.
1190 579 1297 617 Nac-

158 646 222 678 tus
241 652 329 678 sum
349 639 481 689 etiam,
503 639 571 691 qui
591 637 865 690 Xenophontis
884 635 1051 674 similem
1071 647 1151 673 esse
1171 647 1210 673 se
1229 647 1297 672 cu-

157 702 291 746 peret;
313 696 424 745 cujus
444 707 569 733 sermo
585 702 641 733 est
656 693 722 732 ille
741 692 900 745 quidem
920 690 1036 729 melle
1050 689 1213 737 dulcior,
1230 688 1297 727 sed

157 762 182 788 a
200 749 342 789 forensi
361 749 522 802 strepitu
543 748 834 788 remotissimus.
883 746 1115 785 Referamus
1135 757 1204 782 nos
1223 743 1298 795 igi-

158 811 223 842 tur
248 804 298 843 ad
317 818 423 851 eum,
444 817 563 857 quem
583 804 778 853 volumus,
803 800 1082 847 inchoandum,
1104 808 1142 839 et
1161 799 1298 838 eadem

158 860 380 912 eloquentia
408 859 717 908 informandum,
752 871 874 912 quam
906 857 947 896 in
979 856 1090 895 nullo
1118 854 1300 907 cognovit

156 914 370 954 Antonius.

212 969 267 1008 X.
297 970 496 1023 Magnum
517 984 614 1023 opus
634 970 794 1009 omnino
814 977 852 1008 et
871 968 1053 1013 arduum,
1074 967 1213 1012 Brute,
1235 977 1300 1004 co-

158 1037 323 1064 namur:
347 1026 412 1065 sed
428 1026 526 1064 nihil
545 1025 700 1064 difficile
715 1025 862 1064 amanti
882 1031 990 1076 puto.
1020 1024 1129 1061 Amo
1149 1029 1298 1069 autem,

157 1087 197 1119 et
215 1093 366 1134 semper
385 1081 529 1129 amavi,
550 1080 766 1132 ingenium,
789 1079 930 1127 studia,
951 1092 1077 1117 mores
1098 1085 1196 1116 tuos.
1227 1076 1298 1114 In-

155 1135 297 1175 cendor
325 1149 439 1188 porro
469 1135 643 1189 quotidie
668 1135 808 1187 magiS,
843 1147 921 1173 non
952 1131 1139 1172 desiderio
1168 1131 1296 1170 solum

155 1193 253 1242 (quo
272 1191 432 1243 quidem
452 1191 646 1238 conficior,
668 1203 892 1242 congressus
912 1196 1073 1236 nostrOS,
1091 1194 1299 1226 consuetu-

154 1245 287 1284 dinem
316 1246 450 1295 victus,
477 1245 717 1285 doctissimos
744 1257 938 1284 sermones
958 1243 1156 1295 requirens
1176 1250 1297 1289 tuos),

155 1300 221 1338 sed
247 1300 364 1339 etiam
391 1301 612 1340 admirabili
638 1300 746 1340 fam-21
772 1301 962 1339 virtutum
990 1296 1292 1342 incredibilium,

154 1369 257 1407 quae,
277 1356 404 1408 specie
423 1356 607 1408 dispares,
628 1355 837 1409 prudentia
851 1355 1154 1405 conjunguntur.
1185 1350 1298 1399 Quid

154 1410 259 1449 enim
280 1418 361 1450 tam
387 1411 548 1461 distans,
570 1424 690 1463 quam
710 1423 734 1449 a
751 1409 951 1449 severitate
971 1408 1130 1447 comitas
1145 1408 1164 1446 ?
1193 1405 1298 1454 Quis

153 1473 285 1504 tamen
306 1479 483 1519 unquam
503 1474 540 1505 te
565 1474 634 1505 aut
653 1465 819 1505 sanctior
845 1471 902 1503 est
926 1463 1097 1511 habitus,
1118 1468 1187 1500 aut
1206 1460 1296 1499 dul-

154 1520 265 1560 cior?
296 1520 407 1569 Quid
426 1529 506 1560 tam
527 1520 696 1570 difficile,
722 1532 842 1573 quam
862 1519 902 1557 in
922 1518 1184 1571 plurimorum
1204 1528 1297 1554 con-

153 1576 346 1615 troversiis
361 1576 618 1626 dijudicandis
633 1578 682 1615 ab
698 1575 880 1615 omnibus
895 1573 1005 1626 diligi
1019 1575 1037 1612 ἓ
1054 1570 1297 1624 consequeris

153 1637 300 1680 tamen,
323 1638 366 1670 ut
385 1645 448 1670 eos
468 1632 584 1684 ipsos,
606 1644 704 1684 quos
723 1638 856 1670 contra
881 1636 1040 1678 statuas,
1062 1640 1192 1680 aequos
1211 1626 1297 1678 pla-

152 1693 334 1738 catosque
368 1686 565 1726 dimittas:
607 1686 741 1739 itaque
773 1684 905 1733 efficis,
940 1691 1000 1733 ut,
1035 1695 1127 1722 cum
1159 1681 1296 1734 gratiae

153 1741 271 1780 causa
289 1741 389 1780 nihil
404 1741 535 1790 facias,
551 1741 685 1781 omnia
699 1748 831 1779 tamen
845 1739 923 1779 sint
937 1746 1060 1791 grata,
1082 1751 1171 1790 quae
1185 1735 1292 1775 facis.

154 1795 263 1848 Ergo
282 1796 465 1836 omnibus
485 1797 594 1836 terris
613 1809 693 1835 una
713 1794 845 1834 Gallia
869 1793 1070 1833 communi
1089 1804 1167 1831 non
1187 1790 1296 1830 ardet

153 1851 358 1899 incendio;
388 1851 429 1890 in
449 1851 530 1904 qua
554 1851 692 1890 frueris
711 1851 793 1903 ipse
812 1857 864 1898 te,
884 1861 975 1889 cum
995 1849 1037 1887 in
1057 1846 1183 1887 Italiae
1208 1847 1297 1884 luce

153 1906 406 1958 cognosceris,
441 1906 680 1959 versarisque
711 1906 753 1944 in
787 1905 1026 1957 optimorum
1055 1902 1199 1943 civium
1234 1900 1296 1939 vel

154 1961 261 2009 flore,
292 1961 353 2000 vel
377 1963 524 2001 robore.
571 1962 600 2001 J
604 1975 668 2000 am
689 1967 882 2013 quantum
901 1958 1001 1997 illud
1027 1966 1098 2006 est,
1128 1955 1233 2009 quod
1252 1955 1294 1993 in

152 2015 337 2055 maximis
363 2017 680 2069 occupationibus
699 2027 905 2067 nunquam
924 2011 1146 2052 intermittis
1166 2010 1296 2050 studia

153 2070 363 2110 doctrinae!
395 2085 547 2124 semper
572 2079 641 2110 aut
670 2071 752 2124 ipse
779 2069 912 2110 scribis
938 2067 1103 2122 aliquid,
1130 2073 1199 2105 aut
1229 2077 1295 2104 me

154 2138 266 2165 vocas
285 2126 335 2165 ad
354 2127 602 2166 scribendum
618 2127 629 2165 !

209 2180 350 2233 Itaque
375 2181 448 2221 hoc
468 2195 556 2221 sum
576 2194 778 2234 aggressus
804 2179 951 2227 statim,
983 2180 1011 2200 ‘⁶
1028 2174 1204 2216 Catone''
1224 2174 1294 2212 ab·

153 2235 307 2284 soluto3
337 2249 457 2290 quem
482 2237 615 2290 ipsum
633 2248 839 2290 nunquam
859 2233 1087 2286 attigissem,
1117 2237 1294 2282 tempora
