1456 2396
221 95 308 135 AD
327 91 708 141 HERENNIUM,
728 91 902 131 L1n.11.
922 91 1105 131 ciale.
1149 91 1225 136 167

113 203 218 257 quod
245 202 448 242 adversarii
475 202 785 252 interpretentur,
819 201 976 251 scriptor
1004 199 1086 238 fieri
1116 198 1226 237 v-olu

114 259 217 305 15501,
237 256 515 295 ostendendum
534 263 600 293 est.
630 254 781 292 Deinde
806 254 860 302 id,
888 254 992 306 quod
1016 267 1085 291 nos
1108 253 1224 291 inter-

111 319 320 364 pretemur,
340 317 377 348 et
395 310 477 348 fieri
494 322 615 360 posse,
629 316 665 346 et
680 308 848 356 honeste,
862 309 1087 358 recte,lege,
1102 320 1223 354 111010,

111 365 264 413 natura,
290 365 391 402 bono
418 370 455 401 et
480 376 603 414 aequo,
624 362 705 399 fieri
730 375 864 413 posse;
895 362 998 413 quod
1023 361 1226 399 adversarii

111 419 418 470 interpretentur,
440 431 460 455 e
478 416 686 455 contrario:
718 428 786 453 nec
806 429 884 454 esse
903 416 1082 477 ambigue
1109 415 1225 476 scrip-

110 480 211 520 tum,
245 484 334 510 cum
367 471 615 521 intelligatur,
648 478 781 507 utrum
819 471 1003 507 sententia
1039 483 1127 507 vera
1163 469 1223 507 sit.

110 527 225 574 Sunt,
253 526 321 578 qui
339 525 581 573 arbitrentur,
602 523 651 561 ad
668 524 767 562 hanc
793 537 946 562 causam
973 523 1223 570 tractandam,

110 581 352 620 vehementer
385 579 572 630 pertinere
609 578 864 629 coguitionem
901 577 1224 628 amphiboliarum

110 647 210 682 mm,
231 647 318 686 quae
342 646 364 671 a
382 632 584 671 dialecticis
601 632 801 684 profertur.
842 632 927 669 Nos
953 644 1040 670 vero
1066 631 1225 669 arbitra

108 700 213 750 mur,
243 701 321 726 non
348 687 462 725 modo
489 686 598 724 nullo
625 686 846 747 adjumento
879 699 971 732 esse,
1001 685 1066 723 sed
1097 685 1225 736 potius

105 743 280 780 maximo
297 741 596 793 impedimento.
625 752 757 778 omnes
772 741 874 778 enim
893 740 951 777 ’1111
970 739 1224 790 amphibolias

107 803 360 848 aucupantur,
382 809 444 833 eas
462 795 592 842 etiam,
613 807 700 846 quae
726 807 773 832 ex
800 794 918 832 311013
943 802 1051 845 parte
1075 801 1224 831 senten-

106 850 202 889 tiam
228 850 377 888 nullam
403 856 563 901 possunt
589 848 839 900 interpretari.
881 848 1020 899 Itaque
1048 854 1084 886 et
1110 848 1225 885 3110111

105 904 288 943 sermonis
306 903 457 942 molesti
469 903 781 953 interpellatores,
799 910 835 940 et
850 902 978 953 scripti
993 910 1077 940 tum
1089 901 1222 949 odiosi,

104 964 191 996 tum
210 959 359 997 obscuri
376 958 597 1008 interpretes
609 965 723 995 sunt·
712 986 724 1002 ‚
754 965 804 1004 et,
818 957 914 995 dum
928 963 1037 994 caute
1052 963 1089 994 et
1109 968 1224 1006 expe-

105 1012 184 1051 dite
201 1012 309 1064 loqui
326 1013 475 1059 volunt,
490 1011 737 1048 infantissimi
754 1011 1005 1062 reperiuntur.
1037 1010 1112 1057 Ita,
1127 1010 1222 1047 dum

104 1073 283 1105 metuunt
300 1066 341 1103 in
360 1065 533 1111 dicendo,
554 1077 601 1102 ne
628 1065 722 1116 quid
743 1065 972 1115 ambiguum
991 1064 1132 1112 dicant,
1153 1076 1222 1101 no-

102 1131 193 1158 men
212 1133 326 1158 suum
336 1119 593 1181 ’pronuntiare
608 1131 685 1156 non
705 1126 875 1170 possunt.
910 1118 950 1157 V
953 1131 1061 1156 erum
1079 1118 1220 1156 horum

101 1174 266 1225 pueriles
284 1173 480 1225 opiniones
505 1172 722 1211 rectissimis
747 1173 973 1219 rationibus,
994 1185 1084 1211 cum
1102 1172 1219 1220 voles,

102 1227 331 1266 refellemus.
370 1226 441 1277 [In
465 1227 774 1279 praesentiamrn]
801 1227 873 1265 1100
897 1226 1118 1264 interdicere
1142 1238 1221 1263 non

104 1281 274 1319 alienum
291 1281 379 1329 fuit,
396 1289 440 1319 ut
452 1281 570 1331 hujus
583 1280 755 1319 infantiae
768 1281 964 1332 garrulam
978 1279 1220 1331 disciplinam

100 1342 439 1374 contemneremus.

159 1388 262 1428 XII.
293 1389 395 1428 Cum
413 1388 631 1428 definitione
648 1395 817 1436 utemur,
833 1387 1004 1440 primum
1019 1387 1220 1427 afferemus

99 1444 254 1482 brevem
271 1443 446 1482 vooebuli
471 1443 744 1491 definitionem,
764 1443 837 1480 hoc
862 1442 1001 1480 modo:
1032 1441 1219 1491 1113355131-

98 1504 178 1536 tem
196 1497 228 1536 is
246 1497 401 1546 minuit,
421 1497 489 1548 qui
507 1510 551 1535 ω
569 1497 682 1544 101111,
703 1509 751 1534 ex
769 1496 909 1548 quibus
923 1498 1036 1534 rebus
1055 1495 1217 1534 civitatis

100 1551 314 1604 amplitudo
343 1558 487 1590 constat
500 1565 512 1589 ε
550 1549 657 1602 [quae
688 1558 778 1589 sunt
809 1563 853 1588 ea
866 1552 884 1589 Ρ
922 1564 1009 1601 quae
1037 1550 1214 1601 capiunt]

98 1605 279 1657 suffiagia
304 1605 452 1657 populi,
479 1611 516 1642 et
538 1605 781 1656 magistratus
808 1604 1021 1642 eonsilium.
1062 1604 1218 1654 Nempe

98 1658 217 1710 igitur
233 1667 277 1698 tu
296 1668 333 1697 et
350 1659 540 1711 populum
554 1659 734 1710 suffragio
754 1665 790 1696 et
806 1658 1075 1709 magistratum
1095 1657 1217 1696 consi-

97 1713 150 1751 lio
168 1713 338 1765 privasti,
359 1726 448 1752 cum
466 1720 599 1764 pontes
617 1712 850 1751 disturbasti.
880 1712 982 1750 Item
1001 1725 1048 1750 ex
1068 1719 1215 1750 contra-

97 1767 178 1806 rio:
210 1768 456 1829 Majestatem
480 1767 512 1805 is
540 1767 695 1828 minuit,
716 1767 784 1818 qui
809 1766 1104 1817 amplitudinem
1123 1765 1216 1826 civi-

98 1929 290 1968 malorum
321 1930 469 1975 1051111;
498 1931 738 1980 maJ‘ectatem
768 1942 923 1967 omnem
951 1928 1105 1966 interire
1132 1939 1212 1965 non

97 1995 232 2034 passus
251 1996 350 2022 sum.
379 1984 559 2022 Primum
572 1984 690 2035 igitur
704 1983 879 2022 vocabuli
892 1982 1078 2021 sententia
1089 1980 1214 2019 brevi-

93 2043 165 2085 ter,
180 2043 216 2075 et
230 2037 280 2075 ad
292 2037 496 2077 utilitatem
510 2050 632 2076 causae
646 2037 941 2086 accommodate,
954 2036 1210 2075 describetur:

91 2089 231 2129 deinde
246 2090 393 2130 factum
409 2099 584 2131 nostrum
602 2105 693 2130 cum
720 2091 826 2130 verbi
849 2090 1099 2151 descriptione
1123 2100 1212 2127 eon-

88 2144 298 2196 jungetur:
327 2145 463 2184 deinde
478 2146 676 2185 eontrariae
694 2145 954 2197 descriptionis
982 2144 1078 2182 ratio
1099 2141 1212 2181 refel-

87 2197 207 2247 letur,
235 2198 267 2238 si
293 2207 360 2239 aut
383 2199 480 2240 falsa
504 2200 588 2249 erit,
615 2207 681 2239 aut
708 2199 868 2248 inutilis,
888 2206 956 2238 aut
981 2197 1117 2250 turpis,
1144 2202 1211 2235 aut
