<?xml version="1.0" encoding="UTF-8"?>
<!DOCTYPE html PUBLIC "-//W3C//DTD XHTML 1.0 Transitional//EN"
    "http://www.w3.org/TR/xhtml1/DTD/xhtml1-transitional.dtd">
<html xmlns="http://www.w3.org/1999/xhtml" xml:lang="en" lang="en">
 <head>
  <title>
</title>
<meta http-equiv="Content-Type" content="text/html;charset=utf-8" />
  <meta name='ocr-system' content='tesseract 3.04.00' />
  <meta name='ocr-capabilities' content='ocr_page ocr_carea ocr_par ocr_line ocrx_word'/>
</head>
<body>
  <div class='ocr_page' id='page_1' title='image "./operaern02ciceuoft_0240.png"; bbox 0 0 1456 2396; ppageno 0'>
   <div class='ocr_carea' id='block_1_1' title="bbox 134 78 1159 130">
    <p class='ocr_par' dir='ltr' id='par_1_1' title="bbox 134 78 1159 130">
     <span class='ocr_line' id='line_1_1' title="bbox 134 78 1159 130; baseline 0.001 -12"><span class='ocrx_word' id='word_1_1' title='bbox 134 79 214 119; x_wconf 79' lang='lat'><strong>226</strong></span> <span class='ocrx_word' id='word_1_2' title='bbox 242 78 326 118; x_wconf 93' lang='lat' dir='ltr'><strong>AD</strong></span> <span class='ocrx_word' id='word_1_3' title='bbox 346 78 730 130; x_wconf 88' lang='lat' dir='ltr'><strong>HERENNIUM,</strong></span> <span class='ocrx_word' id='word_1_4' title='bbox 752 78 852 119; x_wconf 84' lang='lat' dir='ltr'>LIB.</span> <span class='ocrx_word' id='word_1_5' title='bbox 870 78 934 120; x_wconf 90' lang='lat' dir='ltr'><strong>IV</strong></span> <span class='ocrx_word' id='word_1_6' title='bbox 935 107 946 118; x_wconf 87' lang='lat'><strong>.</strong></span> <span class='ocrx_word' id='word_1_7' title='bbox 968 79 1074 119; x_wconf 76' lang='lat' dir='ltr'><strong>CAP.</strong></span> <span class='ocrx_word' id='word_1_8' title='bbox 1094 79 1159 126; x_wconf 88' lang='lat'><strong>17.</strong></span> 
     </span>
    </p>
   </div>
   <div class='ocr_carea' id='block_1_2' title="bbox 133 186 1278 2248">
    <p class='ocr_par' dir='ltr' id='par_1_2' title="bbox 133 186 1278 2248">
     <span class='ocr_line' id='line_1_2' title="bbox 134 186 1258 237; baseline 0 -11"><span class='ocrx_word' id='word_1_9' title='bbox 134 188 287 227; x_wconf 87' lang='lat' dir='ltr'>idemne</span> <span class='ocrx_word' id='word_1_10' title='bbox 305 190 555 227; x_wconf 85' lang='lat' dir='ltr'>observabant</span> <span class='ocrx_word' id='word_1_11' title='bbox 568 191 586 228; x_wconf 72' lang='grc' dir='ltr'><strong><em>Ρ</em></strong></span> <span class='ocrx_word' id='word_1_12' title='bbox 616 188 797 227; x_wconf 88' lang='lat' dir='ltr'><strong>Minime.</strong></span> <span class='ocrx_word' id='word_1_13' title='bbox 831 188 942 236; x_wconf 87' lang='lat' dir='ltr'><strong>Quid</strong></span> <span class='ocrx_word' id='word_1_14' title='bbox 959 189 1045 228; x_wconf 78' lang='lat' dir='ltr'><strong>ita?</strong></span> <span class='ocrx_word' id='word_1_15' title='bbox 1074 187 1182 237; x_wconf 83' lang='lat' dir='ltr'>Quia</span> <span class='ocrx_word' id='word_1_16' title='bbox 1199 186 1258 226; x_wconf 81' lang='lat' dir='ltr'><strong>vi-</strong></span> 
     </span>
     <span class='ocr_line' id='line_1_3' title="bbox 133 242 1259 295; baseline 0 -15"><span class='ocrx_word' id='word_1_17' title='bbox 133 255 195 281; x_wconf 91' lang='lat' dir='ltr'><strong>ros</strong></span> <span class='ocrx_word' id='word_1_18' title='bbox 210 242 260 280; x_wconf 88' lang='lat' dir='ltr'><strong>ad</strong></span> <span class='ocrx_word' id='word_1_19' title='bbox 277 243 584 295; x_wconf 91' lang='lat' dir='ltr'><strong>unumquodque</strong></span> <span class='ocrx_word' id='word_1_20' title='bbox 601 243 836 282; x_wconf 86' lang='lat' dir='ltr'><strong>maleficium</strong></span> <span class='ocrx_word' id='word_1_21' title='bbox 851 243 1014 294; x_wconf 84' lang='lat' dir='ltr'><strong>singulae</strong></span> <span class='ocrx_word' id='word_1_22' title='bbox 1031 242 1259 294; x_wconf 78' lang='lat' dir='ltr'><strong>cupiditates</strong></span> 
     </span>
     <span class='ocr_line' id='line_1_4' title="bbox 134 296 1260 348; baseline 0 -14"><span class='ocrx_word' id='word_1_23' title='bbox 134 296 369 348; x_wconf 88' lang='lat' dir='ltr'><strong>impellunt·</strong></span> <span class='ocrx_word' id='word_1_24' title='bbox 399 298 579 336; x_wconf 87' lang='lat' dir='ltr'><strong>mulieres</strong></span> <span class='ocrx_word' id='word_1_25' title='bbox 611 297 660 336; x_wconf 89' lang='lat' dir='ltr'><strong>ad</strong></span> <span class='ocrx_word' id='word_1_26' title='bbox 693 297 824 336; x_wconf 89' lang='lat' dir='ltr'><strong>omnia</strong></span> <span class='ocrx_word' id='word_1_27' title='bbox 851 297 1041 336; x_wconf 87' lang='lat' dir='ltr'><strong>maleficia</strong></span> <span class='ocrx_word' id='word_1_28' title='bbox 1070 296 1260 348; x_wconf 83' lang='lat' dir='ltr'><strong>cupiditas</strong></span> 
     </span>
     <span class='ocr_line' id='line_1_5' title="bbox 136 351 1262 403; baseline 0.002 -15"><span class='ocrx_word' id='word_1_29' title='bbox 136 363 215 389; x_wconf 87' lang='lat' dir='ltr'><strong>una</strong></span> <span class='ocrx_word' id='word_1_30' title='bbox 233 351 381 390; x_wconf 82' lang='lat' dir='ltr'><strong>ducit.”</strong></span> <span class='ocrx_word' id='word_1_31' title='bbox 422 352 539 401; x_wconf 85' lang='lat' dir='ltr'><strong>Item,</strong></span> <span class='ocrx_word' id='word_1_32' title='bbox 571 353 599 374; x_wconf 85' lang='lat'>“</span> <span class='ocrx_word' id='word_1_33' title='bbox 619 353 728 390; x_wconf 92' lang='lat' dir='ltr'><strong>Bene</strong></span> <span class='ocrx_word' id='word_1_34' title='bbox 745 353 908 402; x_wconf 81' lang='lat' dir='ltr'><strong>maJOres</strong></span> <span class='ocrx_word' id='word_1_35' title='bbox 927 352 1000 390; x_wconf 90' lang='lat' dir='ltr'><strong>hoc</strong></span> <span class='ocrx_word' id='word_1_36' title='bbox 1017 363 1262 403; x_wconf 86' lang='lat' dir='ltr'><strong>comparave-</strong></span> 
     </span>
     <span class='ocr_line' id='line_1_6' title="bbox 135 404 1263 467; baseline 0 -24"><span class='ocrx_word' id='word_1_37' title='bbox 135 413 240 467; x_wconf 81' lang='lat' dir='ltr'><strong>runt,</strong></span> <span class='ocrx_word' id='word_1_38' title='bbox 261 413 305 444; x_wconf 91' lang='lat' dir='ltr'><strong>ut</strong></span> <span class='ocrx_word' id='word_1_39' title='bbox 323 405 518 444; x_wconf 91' lang='lat' dir='ltr'><strong>neminem</strong></span> <span class='ocrx_word' id='word_1_40' title='bbox 536 419 680 458; x_wconf 89' lang='lat' dir='ltr'><strong>regem,</strong></span> <span class='ocrx_word' id='word_1_41' title='bbox 702 419 818 459; x_wconf 91' lang='lat' dir='ltr'><strong>quem</strong></span> <span class='ocrx_word' id='word_1_42' title='bbox 833 406 949 444; x_wconf 88' lang='lat' dir='ltr'><strong>armis</strong></span> <span class='ocrx_word' id='word_1_43' title='bbox 964 405 1163 458; x_wconf 84' lang='lat' dir='ltr'><strong>cepissent,</strong></span> <span class='ocrx_word' id='word_1_44' title='bbox 1181 404 1263 443; x_wconf 83' lang='lat' dir='ltr'><strong>vita</strong></span> 
     </span>
     <span class='ocr_line' id='line_1_7' title="bbox 137 459 1263 522; baseline 0 -25"><span class='ocrx_word' id='word_1_45' title='bbox 137 459 343 511; x_wconf 86' lang='lat' dir='ltr'><strong>privarent.</strong></span> <span class='ocrx_word' id='word_1_46' title='bbox 374 459 484 508; x_wconf 89' lang='lat' dir='ltr'><strong>Quid</strong></span> <span class='ocrx_word' id='word_1_47' title='bbox 501 461 588 499; x_wconf 82' lang='lat' dir='ltr'><strong>ita?</strong></span> <span class='ocrx_word' id='word_1_48' title='bbox 619 461 738 510; x_wconf 90' lang='lat' dir='ltr'><strong>Quia,</strong></span> <span class='ocrx_word' id='word_1_49' title='bbox 760 473 879 522; x_wconf 81' lang='lat' dir='ltr'><strong>quam</strong></span> <span class='ocrx_word' id='word_1_50' title='bbox 904 460 1015 499; x_wconf 92' lang='lat' dir='ltr'><strong>nobis</strong></span> <span class='ocrx_word' id='word_1_51' title='bbox 1039 460 1263 498; x_wconf 82' lang='lat' dir='ltr'><strong>facultatem</strong></span> 
     </span>
     <span class='ocr_line' id='line_1_8' title="bbox 139 513 1265 567; baseline 0 -16"><span class='ocrx_word' id='word_1_52' title='bbox 139 514 313 552; x_wconf 85' lang='lat' dir='ltr'><strong>Fortuna</strong></span> <span class='ocrx_word' id='word_1_53' title='bbox 338 514 515 564; x_wconf 86' lang='lat' dir='ltr'><strong>dedisset,</strong></span> <span class='ocrx_word' id='word_1_54' title='bbox 543 515 724 567; x_wconf 90' lang='lat' dir='ltr'><strong>iniquum</strong></span> <span class='ocrx_word' id='word_1_55' title='bbox 751 523 831 553; x_wconf 89' lang='lat' dir='ltr'><strong>erat</strong></span> <span class='ocrx_word' id='word_1_56' title='bbox 857 515 898 552; x_wconf 90' lang='lat' dir='ltr'><strong>in</strong></span> <span class='ocrx_word' id='word_1_57' title='bbox 925 527 1059 553; x_wconf 87' lang='lat' dir='ltr'><strong>eorum</strong></span> <span class='ocrx_word' id='word_1_58' title='bbox 1077 513 1265 565; x_wconf 86' lang='lat' dir='ltr'><strong>supplicio</strong></span> 
     </span>
     <span class='ocr_line' id='line_1_9' title="bbox 138 568 1264 621; baseline 0 -16"><span class='ocrx_word' id='word_1_59' title='bbox 138 580 375 617; x_wconf 79' lang='lat' dir='ltr'>consumere,</span> <span class='ocrx_word' id='word_1_60' title='bbox 396 582 492 621; x_wconf 91' lang='lat' dir='ltr'><strong>quos</strong></span> <span class='ocrx_word' id='word_1_61' title='bbox 512 569 644 608; x_wconf 90' lang='lat' dir='ltr'><strong>eadem</strong></span> <span class='ocrx_word' id='word_1_62' title='bbox 665 569 838 608; x_wconf 87' lang='lat' dir='ltr'>Fortuna</span> <span class='ocrx_word' id='word_1_63' title='bbox 862 569 980 620; x_wconf 81' lang='lat' dir='ltr'><strong>paulo</strong></span> <span class='ocrx_word' id='word_1_64' title='bbox 999 576 1089 607; x_wconf 90' lang='lat' dir='ltr'><strong>ante</strong></span> <span class='ocrx_word' id='word_1_65' title='bbox 1112 568 1154 606; x_wconf 95' lang='lat' dir='ltr'><strong>in</strong></span> <span class='ocrx_word' id='word_1_66' title='bbox 1180 580 1264 605; x_wconf 89' lang='lat' dir='ltr'><strong>am-</strong></span> 
     </span>
     <span class='ocr_line' id='line_1_10' title="bbox 139 622 1265 675; baseline 0 -16"><span class='ocrx_word' id='word_1_67' title='bbox 139 622 313 674; x_wconf 88' lang='lat' dir='ltr'><strong>plissimo</strong></span> <span class='ocrx_word' id='word_1_68' title='bbox 328 630 428 661; x_wconf 88' lang='lat' dir='ltr'><strong>statu</strong></span> <span class='ocrx_word' id='word_1_69' title='bbox 448 623 662 662; x_wconf 82' lang='lat' dir='ltr'><strong>collocarat.</strong></span> <span class='ocrx_word' id='word_1_70' title='bbox 703 623 812 671; x_wconf 92' lang='lat' dir='ltr'><strong>Quid</strong></span> <span class='ocrx_word' id='word_1_71' title='bbox 828 623 932 675; x_wconf 93' lang='lat' dir='ltr'><strong>quod</strong></span> <span class='ocrx_word' id='word_1_72' title='bbox 947 622 1155 661; x_wconf 83' lang='lat' dir='ltr'><strong>exercitum</strong></span> <span class='ocrx_word' id='word_1_73' title='bbox 1174 634 1265 660; x_wconf 90' lang='lat' dir='ltr'><strong>con-</strong></span> 
     </span>
     <span class='ocr_line' id='line_1_11' title="bbox 138 675 1265 725; baseline 0 -11"><span class='ocrx_word' id='word_1_74' title='bbox 138 684 199 714; x_wconf 84' lang='lat' dir='ltr'><strong>tra</strong></span> <span class='ocrx_word' id='word_1_75' title='bbox 217 676 362 716; x_wconf 78' lang='lat' dir='ltr'><strong>duxit?</strong></span> <span class='ocrx_word' id='word_1_76' title='bbox 391 677 538 716; x_wconf 85' lang='lat' dir='ltr'><strong>Desino</strong></span> <span class='ocrx_word' id='word_1_77' title='bbox 556 678 786 716; x_wconf 88' lang='lat' dir='ltr'><strong>meminisse.</strong></span> <span class='ocrx_word' id='word_1_78' title='bbox 817 677 927 725; x_wconf 83' lang='lat' dir='ltr'><strong>Quid</strong></span> <span class='ocrx_word' id='word_1_79' title='bbox 951 677 1037 716; x_wconf 83' lang='lat' dir='ltr'><strong>ita?</strong></span> <span class='ocrx_word' id='word_1_80' title='bbox 1068 675 1175 724; x_wconf 84' lang='lat' dir='ltr'><strong>Quia</strong></span> <span class='ocrx_word' id='word_1_81' title='bbox 1192 675 1265 714; x_wconf 88' lang='lat' dir='ltr'><strong>viri</strong></span> 
     </span>
     <span class='ocr_line' id='line_1_12' title="bbox 138 730 1266 793; baseline 0 -25"><span class='ocrx_word' id='word_1_82' title='bbox 138 730 246 769; x_wconf 84' lang='lat' dir='ltr'><strong>fortis</strong></span> <span class='ocrx_word' id='word_1_83' title='bbox 273 738 342 793; x_wconf 71' lang='lat' dir='ltr'><strong>est,</strong></span> <span class='ocrx_word' id='word_1_84' title='bbox 370 732 438 783; x_wconf 91' lang='lat' dir='ltr'><strong>qui</strong></span> <span class='ocrx_word' id='word_1_85' title='bbox 457 732 504 770; x_wconf 89' lang='lat' dir='ltr'><strong>de</strong></span> <span class='ocrx_word' id='word_1_86' title='bbox 522 732 679 770; x_wconf 85' lang='lat' dir='ltr'><strong>victoria</strong></span> <span class='ocrx_word' id='word_1_87' title='bbox 697 732 942 778; x_wconf 77' lang='lat' dir='ltr'><strong>contendant,</strong></span> <span class='ocrx_word' id='word_1_88' title='bbox 963 744 1026 770; x_wconf 89' lang='lat' dir='ltr'><strong>eos</strong></span> <span class='ocrx_word' id='word_1_89' title='bbox 1044 730 1172 769; x_wconf 68' lang='lat' dir='ltr'><strong>hostes</strong></span> <span class='ocrx_word' id='word_1_90' title='bbox 1190 743 1266 781; x_wconf 89' lang='lat' dir='ltr'><strong>pu-</strong></span> 
     </span>
     <span class='ocr_line' id='line_1_13' title="bbox 139 784 1262 837; baseline 0 -15"><span class='ocrx_word' id='word_1_91' title='bbox 139 792 245 830; x_wconf 86' lang='lat' dir='ltr'><strong>tare;</strong></span> <span class='ocrx_word' id='word_1_92' title='bbox 276 786 344 837; x_wconf 92' lang='lat' dir='ltr'><strong>qui</strong></span> <span class='ocrx_word' id='word_1_93' title='bbox 368 786 458 824; x_wconf 89' lang='lat' dir='ltr'><strong>victi</strong></span> <span class='ocrx_word' id='word_1_94' title='bbox 476 787 565 833; x_wconf 87' lang='lat' dir='ltr'><strong>sint,</strong></span> <span class='ocrx_word' id='word_1_95' title='bbox 587 800 650 824; x_wconf 91' lang='lat' dir='ltr'><strong>eos</strong></span> <span class='ocrx_word' id='word_1_96' title='bbox 668 786 845 825; x_wconf 69' lang='lat' dir='ltr'><strong>hominae</strong></span> <span class='ocrx_word' id='word_1_97' title='bbox 870 786 1057 835; x_wconf 84' lang='lat' dir='ltr'><strong>judicare,</strong></span> <span class='ocrx_word' id='word_1_98' title='bbox 1077 792 1123 823; x_wconf 91' lang='lat' dir='ltr'><strong>ut</strong></span> <span class='ocrx_word' id='word_1_99' title='bbox 1142 784 1262 836; x_wconf 89' lang='lat' dir='ltr'><strong>possit</strong></span> 
     </span>
     <span class='ocr_line' id='line_1_14' title="bbox 139 839 1263 892; baseline 0 -15"><span class='ocrx_word' id='word_1_100' title='bbox 139 839 289 878; x_wconf 88' lang='lat' dir='ltr'><strong>bellum</strong></span> <span class='ocrx_word' id='word_1_101' title='bbox 307 840 491 878; x_wconf 82' lang='lat' dir='ltr'><strong>fortitudo</strong></span> <span class='ocrx_word' id='word_1_102' title='bbox 508 841 697 888; x_wconf 88' lang='lat' dir='ltr'><strong>minuere,</strong></span> <span class='ocrx_word' id='word_1_103' title='bbox 717 853 851 892; x_wconf 86' lang='lat' dir='ltr'><strong>paoem</strong></span> <span class='ocrx_word' id='word_1_104' title='bbox 869 839 1092 878; x_wconf 86' lang='lat' dir='ltr'><strong>humanitas</strong></span> <span class='ocrx_word' id='word_1_105' title='bbox 1111 851 1263 890; x_wconf 80' lang='lat' dir='ltr'><strong>augere.</strong></span> 
     </span>
     <span class='ocr_line' id='line_1_15' title="bbox 139 892 1265 945; baseline 0 -14"><span class='ocrx_word' id='word_1_106' title='bbox 139 893 200 931; x_wconf 89' lang='lat' dir='ltr'><strong>At</strong></span> <span class='ocrx_word' id='word_1_107' title='bbox 217 893 297 942; x_wconf 80' lang='lat' dir='ltr'><strong>ille,</strong></span> <span class='ocrx_word' id='word_1_108' title='bbox 319 894 350 932; x_wconf 92' lang='lat' dir='ltr'><strong>si</strong></span> <span class='ocrx_word' id='word_1_109' title='bbox 369 895 530 943; x_wconf 85' lang='lat' dir='ltr'><strong>vicisset,</strong></span> <span class='ocrx_word' id='word_1_110' title='bbox 551 907 648 932; x_wconf 90' lang='lat' dir='ltr'><strong>num</strong></span> <span class='ocrx_word' id='word_1_111' title='bbox 661 895 766 933; x_wconf 89' lang='lat' dir='ltr'><strong>idem</strong></span> <span class='ocrx_word' id='word_1_112' title='bbox 781 895 959 934; x_wconf 82' lang='lat' dir='ltr'><strong>fecisset?</strong></span> <span class='ocrx_word' id='word_1_113' title='bbox 990 894 1084 932; x_wconf 93' lang='lat' dir='ltr'><strong>Non</strong></span> <span class='ocrx_word' id='word_1_114' title='bbox 1095 892 1265 945; x_wconf 85' lang='lat' dir='ltr'><strong>profecto</strong></span> 
     </span>
     <span class='ocr_line' id='line_1_16' title="bbox 139 947 1268 1001; baseline -0.001 -16"><span class='ocrx_word' id='word_1_115' title='bbox 139 953 221 986; x_wconf 85' lang='lat' dir='ltr'><strong>tam</strong></span> <span class='ocrx_word' id='word_1_116' title='bbox 236 948 384 999; x_wconf 90' lang='lat' dir='ltr'><strong>sapiens</strong></span> <span class='ocrx_word' id='word_1_117' title='bbox 403 948 548 987; x_wconf 65' lang='lat' dir='ltr'><strong>fuisset-</strong></span> <span class='ocrx_word' id='word_1_118' title='bbox 591 948 701 997; x_wconf 91' lang='lat' dir='ltr'><strong>Quid</strong></span> <span class='ocrx_word' id='word_1_119' title='bbox 719 949 836 1001; x_wconf 88' lang='lat' dir='ltr'><strong>igitur</strong></span> <span class='ocrx_word' id='word_1_120' title='bbox 855 949 889 987; x_wconf 94' lang='lat' dir='ltr'><strong>ei</strong></span> <span class='ocrx_word' id='word_1_121' title='bbox 904 948 1026 1000; x_wconf 88' lang='lat' dir='ltr'><strong>parcis</strong></span> <span class='ocrx_word' id='word_1_122' title='bbox 1041 950 1058 987; x_wconf 82' lang='lat'>?</span> <span class='ocrx_word' id='word_1_123' title='bbox 1088 947 1195 995; x_wconf 86' lang='lat' dir='ltr'><strong>Quia</strong></span> <span class='ocrx_word' id='word_1_124' title='bbox 1209 954 1268 984; x_wconf 81' lang='grc'><strong>13-</strong></span> 
     </span>
     <span class='ocr_line' id='line_1_17' title="bbox 139 1001 1268 1052; baseline 0 -13"><span class='ocrx_word' id='word_1_125' title='bbox 139 1002 219 1040; x_wconf 84' lang='grc'>18111</span> <span class='ocrx_word' id='word_1_126' title='bbox 245 1003 448 1041; x_wconf 88' lang='lat' dir='ltr'><strong>stultitiam</strong></span> <span class='ocrx_word' id='word_1_127' title='bbox 475 1010 731 1052; x_wconf 86' lang='lat' dir='ltr'><strong>contemnere,</strong></span> <span class='ocrx_word' id='word_1_128' title='bbox 759 1015 837 1042; x_wconf 91' lang='lat' dir='ltr'><strong>non</strong></span> <span class='ocrx_word' id='word_1_129' title='bbox 862 1002 1019 1051; x_wconf 83' lang='lat' dir='ltr'><strong>imitari,</strong></span> <span class='ocrx_word' id='word_1_130' title='bbox 1047 1001 1268 1040; x_wconf 85' lang='lat' dir='ltr'><strong>consuevi.”</strong></span> 
     </span>
     <span class='ocr_line' id='line_1_18' title="bbox 142 1055 1271 1096; baseline -0.001 -2"><span class='ocrx_word' id='word_1_131' title='bbox 142 1055 241 1095; x_wconf 82' lang='lat' dir='ltr'><strong>Haec</strong></span> <span class='ocrx_word' id='word_1_132' title='bbox 269 1057 464 1095; x_wconf 79' lang='lat' dir='ltr'><strong>exornatio</strong></span> <span class='ocrx_word' id='word_1_133' title='bbox 484 1057 533 1095; x_wconf 85' lang='lat' dir='ltr'><strong>ad</strong></span> <span class='ocrx_word' id='word_1_134' title='bbox 552 1070 766 1096; x_wconf 90' lang='lat' dir='ltr'><strong>sermonem</strong></span> <span class='ocrx_word' id='word_1_135' title='bbox 785 1057 1028 1096; x_wconf 89' lang='lat' dir='ltr'><strong>vehementer</strong></span> <span class='ocrx_word' id='word_1_136' title='bbox 1054 1068 1271 1094; x_wconf 83' lang='lat' dir='ltr'><strong>accommo-</strong></span> 
     </span>
     <span class='ocr_line' id='line_1_19' title="bbox 140 1110 1269 1158; baseline 0 -10"><span class='ocrx_word' id='word_1_137' title='bbox 140 1110 232 1148; x_wconf 86' lang='lat' dir='ltr'><strong>data</strong></span> <span class='ocrx_word' id='word_1_138' title='bbox 251 1119 320 1158; x_wconf 88' lang='lat' dir='ltr'><strong>est,</strong></span> <span class='ocrx_word' id='word_1_139' title='bbox 343 1118 379 1148; x_wconf 89' lang='lat' dir='ltr'><strong>et</strong></span> <span class='ocrx_word' id='word_1_140' title='bbox 398 1111 574 1149; x_wconf 91' lang='lat' dir='ltr'><strong>animum</strong></span> <span class='ocrx_word' id='word_1_141' title='bbox 594 1111 776 1150; x_wconf 82' lang='lat' dir='ltr'><strong>auditoris</strong></span> <span class='ocrx_word' id='word_1_142' title='bbox 791 1111 930 1149; x_wconf 89' lang='lat' dir='ltr'><strong>retinet</strong></span> <span class='ocrx_word' id='word_1_143' title='bbox 949 1118 1153 1158; x_wconf 88' lang='lat' dir='ltr'><strong>attentum,</strong></span> <span class='ocrx_word' id='word_1_144' title='bbox 1182 1117 1269 1148; x_wconf 91' lang='lat' dir='ltr'><strong>tum</strong></span> 
     </span>
     <span class='ocr_line' id='line_1_20' title="bbox 141 1164 1189 1216; baseline 0 -14"><span class='ocrx_word' id='word_1_145' title='bbox 141 1172 343 1203; x_wconf 87' lang='lat' dir='ltr'><strong>venustate</strong></span> <span class='ocrx_word' id='word_1_146' title='bbox 362 1165 559 1214; x_wconf 85' lang='lat' dir='ltr'><strong>sermonis,</strong></span> <span class='ocrx_word' id='word_1_147' title='bbox 581 1173 667 1204; x_wconf 92' lang='lat' dir='ltr'><strong>tum</strong></span> <span class='ocrx_word' id='word_1_148' title='bbox 685 1166 878 1204; x_wconf 87' lang='lat' dir='ltr'><strong>rationum</strong></span> <span class='ocrx_word' id='word_1_149' title='bbox 898 1164 1189 1216; x_wconf 83' lang='lat' dir='ltr'><strong>exspectatione.</strong></span> 
     </span>
     <span class='ocr_line' id='line_1_21' title="bbox 197 1218 1271 1270; baseline 0 -14"><span class='ocrx_word' id='word_1_150' title='bbox 197 1218 341 1257; x_wconf 90' lang='lat' dir='ltr'>XVII.</span> <span class='ocrx_word' id='word_1_151' title='bbox 372 1220 568 1258; x_wconf 89' lang='lat' dir='ltr'><strong>Sententia</strong></span> <span class='ocrx_word' id='word_1_152' title='bbox 597 1227 652 1258; x_wconf 58' lang='lat' dir='ltr'><strong>est</strong></span> <span class='ocrx_word' id='word_1_153' title='bbox 680 1219 800 1258; x_wconf 89' lang='lat' dir='ltr'><strong>oratio</strong></span> <span class='ocrx_word' id='word_1_154' title='bbox 825 1227 953 1257; x_wconf 87' lang='lat' dir='ltr'><strong>sumta</strong></span> <span class='ocrx_word' id='word_1_155' title='bbox 977 1218 1025 1257; x_wconf 90' lang='lat' dir='ltr'><strong>de</strong></span> <span class='ocrx_word' id='word_1_156' title='bbox 1049 1218 1142 1266; x_wconf 62' lang='lat' dir='ltr'><strong>vita,</strong></span> <span class='ocrx_word' id='word_1_157' title='bbox 1168 1231 1271 1270; x_wconf 83' lang='lat' dir='ltr'><strong>quae,</strong></span> 
     </span>
     <span class='ocr_line' id='line_1_22' title="bbox 141 1272 1274 1325; baseline 0.001 -15"><span class='ocrx_word' id='word_1_158' title='bbox 141 1280 210 1310; x_wconf 86' lang='lat' dir='ltr'><strong>aut</strong></span> <span class='ocrx_word' id='word_1_159' title='bbox 228 1273 323 1324; x_wconf 92' lang='lat' dir='ltr'><strong>quid</strong></span> <span class='ocrx_word' id='word_1_160' title='bbox 342 1273 403 1320; x_wconf 89' lang='lat' dir='ltr'><strong>sit,</strong></span> <span class='ocrx_word' id='word_1_161' title='bbox 424 1281 491 1311; x_wconf 92' lang='lat' dir='ltr'><strong>aut</strong></span> <span class='ocrx_word' id='word_1_162' title='bbox 510 1273 604 1325; x_wconf 89' lang='lat' dir='ltr'><strong>quid</strong></span> <span class='ocrx_word' id='word_1_163' title='bbox 628 1287 706 1312; x_wconf 59' lang='lat' dir='ltr'><strong>esse</strong></span> <span class='ocrx_word' id='word_1_164' title='bbox 731 1281 901 1325; x_wconf 85' lang='lat' dir='ltr'><strong>oporteat</strong></span> <span class='ocrx_word' id='word_1_165' title='bbox 923 1273 964 1311; x_wconf 90' lang='lat' dir='ltr'><strong>in</strong></span> <span class='ocrx_word' id='word_1_166' title='bbox 991 1272 1085 1320; x_wconf 64' lang='lat' dir='ltr'><strong>vita,</strong></span> <span class='ocrx_word' id='word_1_167' title='bbox 1110 1272 1274 1311; x_wconf 80' lang='lat' dir='ltr'><strong>breviter</strong></span> 
     </span>
     <span class='ocr_line' id='line_1_23' title="bbox 141 1326 1274 1380; baseline 0.001 -15"><span class='ocrx_word' id='word_1_168' title='bbox 141 1326 319 1375; x_wconf 89' lang='lat' dir='ltr'><strong>ostendit,</strong></span> <span class='ocrx_word' id='word_1_169' title='bbox 339 1327 412 1366; x_wconf 87' lang='lat' dir='ltr'><strong>hoc</strong></span> <span class='ocrx_word' id='word_1_170' title='bbox 429 1328 569 1366; x_wconf 90' lang='lat' dir='ltr'><strong>modo:</strong></span> <span class='ocrx_word' id='word_1_171' title='bbox 603 1331 631 1351; x_wconf 87' lang='grc'>“</span> <span class='ocrx_word' id='word_1_172' title='bbox 651 1327 819 1366; x_wconf 87' lang='lat' dir='ltr'><strong>Difficile</strong></span> <span class='ocrx_word' id='word_1_173' title='bbox 841 1335 897 1366; x_wconf 67' lang='lat' dir='ltr'><strong>est</strong></span> <span class='ocrx_word' id='word_1_174' title='bbox 921 1327 1092 1380; x_wconf 89' lang='lat' dir='ltr'><strong>primum</strong></span> <span class='ocrx_word' id='word_1_175' title='bbox 1116 1327 1274 1366; x_wconf 68' lang='lat' dir='ltr'><strong>virtutes</strong></span> 
     </span>
     <span class='ocr_line' id='line_1_24' title="bbox 141 1381 1270 1434; baseline 0 -15"><span class='ocrx_word' id='word_1_176' title='bbox 141 1382 314 1429; x_wconf 87' lang='lat' dir='ltr'><strong>revereri,</strong></span> <span class='ocrx_word' id='word_1_177' title='bbox 335 1382 403 1433; x_wconf 90' lang='lat' dir='ltr'><strong>qui</strong></span> <span class='ocrx_word' id='word_1_178' title='bbox 421 1395 569 1434; x_wconf 90' lang='lat' dir='ltr'><strong>semper</strong></span> <span class='ocrx_word' id='word_1_179' title='bbox 583 1381 747 1421; x_wconf 71' lang='lat' dir='ltr'><strong>secunda</strong></span> <span class='ocrx_word' id='word_1_180' title='bbox 760 1382 912 1421; x_wconf 63' lang='lat' dir='ltr'><strong>fortuna</strong></span> <span class='ocrx_word' id='word_1_181' title='bbox 928 1382 976 1420; x_wconf 90' lang='lat' dir='ltr'><strong>sit</strong></span> <span class='ocrx_word' id='word_1_182' title='bbox 989 1381 1123 1420; x_wconf 89' lang='lat' dir='ltr'><strong>usus.”</strong></span> <span class='ocrx_word' id='word_1_183' title='bbox 1153 1382 1270 1429; x_wconf 87' lang='lat' dir='ltr'><strong>Item,</strong></span> 
     </span>
     <span class='ocr_line' id='line_1_25' title="bbox 143 1435 1274 1488; baseline 0 -15"><span class='ocrx_word' id='word_1_184' title='bbox 143 1438 172 1458; x_wconf 84' lang='lat'>“</span> <span class='ocrx_word' id='word_1_185' title='bbox 193 1436 312 1474; x_wconf 88' lang='lat' dir='ltr'><strong>Liber</strong></span> <span class='ocrx_word' id='word_1_186' title='bbox 338 1436 371 1474; x_wconf 91' lang='lat' dir='ltr'><strong>is</strong></span> <span class='ocrx_word' id='word_1_187' title='bbox 401 1444 456 1474; x_wconf 68' lang='lat' dir='ltr'><strong>est</strong></span> <span class='ocrx_word' id='word_1_188' title='bbox 488 1436 779 1484; x_wconf 78' lang='lat' dir='ltr'><strong>existimandus,</strong></span> <span class='ocrx_word' id='word_1_189' title='bbox 814 1436 883 1488; x_wconf 90' lang='lat' dir='ltr'><strong>qui</strong></span> <span class='ocrx_word' id='word_1_190' title='bbox 914 1436 1015 1475; x_wconf 90' lang='lat' dir='ltr'><strong>nulli</strong></span> <span class='ocrx_word' id='word_1_191' title='bbox 1044 1435 1274 1487; x_wconf 85' lang='lat' dir='ltr'><strong>turpitudini</strong></span> 
     </span>
     <span class='ocr_line' id='line_1_26' title="bbox 143 1490 1274 1543; baseline 0 -15"><span class='ocrx_word' id='word_1_192' title='bbox 143 1491 297 1528; x_wconf 79' lang='lat' dir='ltr'><strong>servit.”</strong></span> <span class='ocrx_word' id='word_1_193' title='bbox 339 1491 454 1537; x_wconf 89' lang='lat' dir='ltr'><strong>Item,</strong></span> <span class='ocrx_word' id='word_1_194' title='bbox 486 1494 514 1513; x_wconf 84' lang='lat'>“</span> <span class='ocrx_word' id='word_1_195' title='bbox 535 1491 666 1542; x_wconf 89' lang='lat' dir='ltr'><strong>Egens</strong></span> <span class='ocrx_word' id='word_1_196' title='bbox 694 1504 802 1543; x_wconf 86' lang='lat' dir='ltr'><strong>aeque</strong></span> <span class='ocrx_word' id='word_1_197' title='bbox 830 1499 886 1529; x_wconf 63' lang='lat' dir='ltr'><strong>est</strong></span> <span class='ocrx_word' id='word_1_198' title='bbox 911 1490 957 1538; x_wconf 89' lang='lat' dir='ltr'><strong>is,</strong></span> <span class='ocrx_word' id='word_1_199' title='bbox 987 1490 1055 1542; x_wconf 89' lang='lat' dir='ltr'><strong>qui</strong></span> <span class='ocrx_word' id='word_1_200' title='bbox 1082 1502 1159 1529; x_wconf 90' lang='lat' dir='ltr'><strong>non</strong></span> <span class='ocrx_word' id='word_1_201' title='bbox 1185 1490 1274 1528; x_wconf 91' lang='lat' dir='ltr'><strong>satis</strong></span> 
     </span>
     <span class='ocr_line' id='line_1_27' title="bbox 142 1544 1275 1597; baseline 0.001 -15"><span class='ocrx_word' id='word_1_202' title='bbox 142 1544 271 1591; x_wconf 88' lang='lat' dir='ltr'><strong>habet,</strong></span> <span class='ocrx_word' id='word_1_203' title='bbox 293 1552 330 1583; x_wconf 90' lang='lat' dir='ltr'><strong>et</strong></span> <span class='ocrx_word' id='word_1_204' title='bbox 347 1545 393 1590; x_wconf 89' lang='lat' dir='ltr'><strong>is,</strong></span> <span class='ocrx_word' id='word_1_205' title='bbox 414 1545 476 1583; x_wconf 87' lang='lat' dir='ltr'><strong>cui</strong></span> <span class='ocrx_word' id='word_1_206' title='bbox 494 1545 591 1583; x_wconf 90' lang='lat' dir='ltr'><strong>nihil</strong></span> <span class='ocrx_word' id='word_1_207' title='bbox 611 1546 699 1584; x_wconf 89' lang='lat' dir='ltr'><strong>satis</strong></span> <span class='ocrx_word' id='word_1_208' title='bbox 717 1553 841 1597; x_wconf 66' lang='lat' dir='ltr'><strong>potoet</strong></span> <span class='ocrx_word' id='word_1_209' title='bbox 859 1545 978 1584; x_wconf 58' lang='lat' dir='ltr'><strong>aesess’</strong></span> <span class='ocrx_word' id='word_1_210' title='bbox 1008 1545 1124 1593; x_wconf 88' lang='lat' dir='ltr'><strong>Item,</strong></span> <span class='ocrx_word' id='word_1_211' title='bbox 1147 1547 1175 1567; x_wconf 73' lang='lat'><strong>‘⁶</strong></span> <span class='ocrx_word' id='word_1_212' title='bbox 1188 1544 1275 1596; x_wconf 91' lang='lat' dir='ltr'><strong>Op-</strong></span> 
     </span>
     <span class='ocr_line' id='line_1_28' title="bbox 144 1598 1275 1652; baseline 0 -16"><span class='ocrx_word' id='word_1_213' title='bbox 144 1598 239 1636; x_wconf 89' lang='lat' dir='ltr'><strong>tima</strong></span> <span class='ocrx_word' id='word_1_214' title='bbox 257 1599 408 1637; x_wconf 77' lang='lat' dir='ltr'><strong>vivendi</strong></span> <span class='ocrx_word' id='word_1_215' title='bbox 425 1600 521 1638; x_wconf 87' lang='lat' dir='ltr'><strong>ratio</strong></span> <span class='ocrx_word' id='word_1_216' title='bbox 540 1607 595 1638; x_wconf 62' lang='lat' dir='ltr'><strong>est</strong></span> <span class='ocrx_word' id='word_1_217' title='bbox 614 1599 811 1652; x_wconf 82' lang='lat' dir='ltr'><strong>eligenda:</strong></span> <span class='ocrx_word' id='word_1_218' title='bbox 842 1612 927 1637; x_wconf 67' lang='lat' dir='ltr'><strong>aem</strong></span> <span class='ocrx_word' id='word_1_219' title='bbox 953 1598 1167 1649; x_wconf 77' lang='lat' dir='ltr'><strong>jucundam</strong></span> <span class='ocrx_word' id='word_1_220' title='bbox 1186 1610 1275 1636; x_wconf 89' lang='lat' dir='ltr'><strong>con-</strong></span> 
     </span>
     <span class='ocr_line' id='line_1_29' title="bbox 144 1652 1275 1705; baseline -0.001 -14"><span class='ocrx_word' id='word_1_221' title='bbox 144 1652 306 1691; x_wconf 88' lang='lat' dir='ltr'><strong>suetudo</strong></span> <span class='ocrx_word' id='word_1_222' title='bbox 325 1653 495 1692; x_wconf 87' lang='lat' dir='ltr'><strong>reddet.”</strong></span> <span class='ocrx_word' id='word_1_223' title='bbox 526 1654 765 1704; x_wconf 86' lang='lat' dir='ltr'><strong>Hujusmodi</strong></span> <span class='ocrx_word' id='word_1_224' title='bbox 783 1653 978 1692; x_wconf 86' lang='lat' dir='ltr'><strong>sententiae</strong></span> <span class='ocrx_word' id='word_1_225' title='bbox 995 1653 1184 1705; x_wconf 66' lang='lat' dir='ltr'><strong>simplices</strong></span> <span class='ocrx_word' id='word_1_226' title='bbox 1197 1665 1275 1691; x_wconf 91' lang='lat' dir='ltr'><strong>non</strong></span> 
     </span>
     <span class='ocr_line' id='line_1_30' title="bbox 144 1707 1277 1769; baseline 0 -24"><span class='ocrx_word' id='word_1_227' title='bbox 144 1714 235 1745; x_wconf 88' lang='lat' dir='ltr'><strong>sunt</strong></span> <span class='ocrx_word' id='word_1_228' title='bbox 253 1707 528 1769; x_wconf 70' lang='lat' dir='ltr'><strong>improbandae,</strong></span> <span class='ocrx_word' id='word_1_229' title='bbox 549 1716 747 1760; x_wconf 87' lang='lat' dir='ltr'><strong>propterea</strong></span> <span class='ocrx_word' id='word_1_230' title='bbox 763 1707 867 1760; x_wconf 91' lang='lat' dir='ltr'><strong>quod</strong></span> <span class='ocrx_word' id='word_1_231' title='bbox 885 1708 1001 1746; x_wconf 88' lang='lat' dir='ltr'><strong>habet</strong></span> <span class='ocrx_word' id='word_1_232' title='bbox 1018 1707 1142 1746; x_wconf 87' lang='lat' dir='ltr'><strong>brevis</strong></span> <span class='ocrx_word' id='word_1_233' title='bbox 1159 1720 1277 1759; x_wconf 83' lang='lat' dir='ltr'><strong>expo-</strong></span> 
     </span>
     <span class='ocr_line' id='line_1_31' title="bbox 144 1761 1276 1814; baseline 0.001 -15"><span class='ocrx_word' id='word_1_234' title='bbox 144 1761 244 1808; x_wconf 88' lang='lat' dir='ltr'><strong>sitio,</strong></span> <span class='ocrx_word' id='word_1_235' title='bbox 272 1761 303 1800; x_wconf 90' lang='lat' dir='ltr'><strong>si</strong></span> <span class='ocrx_word' id='word_1_236' title='bbox 328 1762 483 1800; x_wconf 81' lang='lat' dir='ltr'><strong>rationis</strong></span> <span class='ocrx_word' id='word_1_237' title='bbox 508 1762 653 1801; x_wconf 77' lang='lat' dir='ltr'><strong>nullius</strong></span> <span class='ocrx_word' id='word_1_238' title='bbox 677 1762 836 1814; x_wconf 87' lang='lat' dir='ltr'><strong>indiget,</strong></span> <span class='ocrx_word' id='word_1_239' title='bbox 859 1774 1042 1814; x_wconf 87' lang='lat' dir='ltr'><strong>magnam</strong></span> <span class='ocrx_word' id='word_1_240' title='bbox 1060 1761 1276 1800; x_wconf 85' lang='lat' dir='ltr'><strong>delectatio-</strong></span> 
     </span>
     <span class='ocr_line' id='line_1_32' title="bbox 146 1815 1276 1868; baseline 0.001 -15"><span class='ocrx_word' id='word_1_241' title='bbox 146 1827 248 1853; x_wconf 87' lang='lat' dir='ltr'><strong>nem.</strong></span> <span class='ocrx_word' id='word_1_242' title='bbox 290 1815 367 1854; x_wconf 87' lang='lat' dir='ltr'><strong>Sed</strong></span> <span class='ocrx_word' id='word_1_243' title='bbox 396 1816 494 1854; x_wconf 88' lang='lat' dir='ltr'><strong>illud</strong></span> <span class='ocrx_word' id='word_1_244' title='bbox 522 1829 676 1868; x_wconf 92' lang='lat' dir='ltr'><strong>quoque</strong></span> <span class='ocrx_word' id='word_1_245' title='bbox 700 1816 942 1868; x_wconf 86' lang='lat' dir='ltr'><strong>probandum</strong></span> <span class='ocrx_word' id='word_1_246' title='bbox 966 1823 1023 1855; x_wconf 64' lang='lat' dir='ltr'><strong>est</strong></span> <span class='ocrx_word' id='word_1_247' title='bbox 1046 1828 1167 1867; x_wconf 90' lang='lat' dir='ltr'><strong>genus</strong></span> <span class='ocrx_word' id='word_1_248' title='bbox 1191 1827 1276 1854; x_wconf 86' lang='lat' dir='ltr'><strong>sen-</strong></span> 
     </span>
     <span class='ocr_line' id='line_1_33' title="bbox 146 1869 1277 1921; baseline 0.001 -14"><span class='ocrx_word' id='word_1_249' title='bbox 146 1869 288 1917; x_wconf 86' lang='lat' dir='ltr'><strong>tentiae,</strong></span> <span class='ocrx_word' id='word_1_250' title='bbox 323 1870 427 1921; x_wconf 91' lang='lat' dir='ltr'><strong>quod</strong></span> <span class='ocrx_word' id='word_1_251' title='bbox 459 1870 705 1909; x_wconf 86' lang='lat' dir='ltr'><strong>confirmatur</strong></span> <span class='ocrx_word' id='word_1_252' title='bbox 737 1870 968 1920; x_wconf 86' lang='lat' dir='ltr'><strong>subjectione</strong></span> <span class='ocrx_word' id='word_1_253' title='bbox 1002 1870 1171 1919; x_wconf 87' lang='lat' dir='ltr'><strong>rationis,</strong></span> <span class='ocrx_word' id='word_1_254' title='bbox 1203 1869 1277 1908; x_wconf 87' lang='lat' dir='ltr'><strong>hoe</strong></span> 
     </span>
     <span class='ocr_line' id='line_1_34' title="bbox 147 1923 1277 1964; baseline 0.001 -3"><span class='ocrx_word' id='word_1_255' title='bbox 147 1923 290 1962; x_wconf 91' lang='lat' dir='ltr'><strong>modo·</strong></span> <span class='ocrx_word' id='word_1_256' title='bbox 334 1927 362 1946; x_wconf 85' lang='grc'>“</span> <span class='ocrx_word' id='word_1_257' title='bbox 383 1923 532 1963; x_wconf 61' lang='lat' dir='ltr'><strong>Omnes</strong></span> <span class='ocrx_word' id='word_1_258' title='bbox 564 1926 661 1963; x_wconf 90' lang='lat' dir='ltr'><strong>bene</strong></span> <span class='ocrx_word' id='word_1_259' title='bbox 692 1924 844 1963; x_wconf 88' lang='lat' dir='ltr'><strong>vivendi</strong></span> <span class='ocrx_word' id='word_1_260' title='bbox 875 1925 1038 1964; x_wconf 62' lang='lat' dir='ltr'><strong>rationes</strong></span> <span class='ocrx_word' id='word_1_261' title='bbox 1066 1925 1108 1962; x_wconf 92' lang='lat' dir='ltr'><strong>in</strong></span> <span class='ocrx_word' id='word_1_262' title='bbox 1136 1924 1277 1963; x_wconf 81' lang='lat' dir='ltr'><strong>virtute</strong></span> 
     </span>
     <span class='ocr_line' id='line_1_35' title="bbox 145 1978 1277 2031; baseline 0.001 -16"><span class='ocrx_word' id='word_1_263' title='bbox 145 1985 236 2016; x_wconf 88' lang='lat' dir='ltr'><strong>sunt</strong></span> <span class='ocrx_word' id='word_1_264' title='bbox 266 1978 506 2025; x_wconf 83' lang='lat' dir='ltr'><strong>conocandae‚</strong></span> <span class='ocrx_word' id='word_1_265' title='bbox 533 1987 731 2031; x_wconf 87' lang='lat' dir='ltr'><strong>propterea</strong></span> <span class='ocrx_word' id='word_1_266' title='bbox 756 1978 860 2031; x_wconf 90' lang='lat' dir='ltr'><strong>quod</strong></span> <span class='ocrx_word' id='word_1_267' title='bbox 888 1979 968 2018; x_wconf 83' lang='lat' dir='ltr'><strong>sola</strong></span> <span class='ocrx_word' id='word_1_268' title='bbox 996 1979 1115 2017; x_wconf 76' lang='lat' dir='ltr'><strong>virtus</strong></span> <span class='ocrx_word' id='word_1_269' title='bbox 1140 1978 1181 2016; x_wconf 91' lang='lat' dir='ltr'><strong>in</strong></span> <span class='ocrx_word' id='word_1_270' title='bbox 1207 1978 1277 2017; x_wconf 87' lang='lat' dir='ltr'><strong>sua</strong></span> 
     </span>
     <span class='ocr_line' id='line_1_36' title="bbox 146 2032 1277 2084; baseline 0 -14"><span class='ocrx_word' id='word_1_271' title='bbox 146 2039 332 2082; x_wconf 66' lang='lat' dir='ltr'><strong>potestate</strong></span> <span class='ocrx_word' id='word_1_272' title='bbox 359 2039 440 2077; x_wconf 55' lang='lat' dir='ltr'><strong>esu</strong></span> <span class='ocrx_word' id='word_1_273' title='bbox 474 2032 604 2071; x_wconf 92' lang='lat' dir='ltr'><strong>omnia</strong></span> <span class='ocrx_word' id='word_1_274' title='bbox 631 2041 767 2084; x_wconf 87' lang='lat' dir='ltr'><strong>praeter</strong></span> <span class='ocrx_word' id='word_1_275' title='bbox 793 2046 878 2073; x_wconf 76' lang='lat' dir='ltr'><strong>eam</strong></span> <span class='ocrx_word' id='word_1_276' title='bbox 901 2034 1070 2083; x_wconf 84' lang='lat' dir='ltr'><strong>subjecta</strong></span> <span class='ocrx_word' id='word_1_277' title='bbox 1091 2040 1180 2071; x_wconf 90' lang='lat' dir='ltr'><strong>sunt</strong></span> <span class='ocrx_word' id='word_1_278' title='bbox 1204 2033 1277 2071; x_wconf 89' lang='lat' dir='ltr'><strong>sub</strong></span> 
     </span>
     <span class='ocr_line' id='line_1_37' title="bbox 145 2085 1276 2136; baseline 0.001 -13"><span class='ocrx_word' id='word_1_279' title='bbox 145 2085 328 2124; x_wconf 83' lang='lat' dir='ltr'><strong>Fortunae</strong></span> <span class='ocrx_word' id='word_1_280' title='bbox 345 2086 686 2125; x_wconf 79' lang='grc'>(101111113110118111.”</span> <span class='ocrx_word' id='word_1_281' title='bbox 715 2088 831 2136; x_wconf 91' lang='lat' dir='ltr'><strong>Item,</strong></span> <span class='ocrx_word' id='word_1_282' title='bbox 853 2089 882 2111; x_wconf 85' lang='lat'><strong>“</strong></span> <span class='ocrx_word' id='word_1_283' title='bbox 902 2087 998 2136; x_wconf 89' lang='lat' dir='ltr'><strong>Qui,</strong></span> <span class='ocrx_word' id='word_1_284' title='bbox 1025 2087 1187 2126; x_wconf 81' lang='lat' dir='ltr'><strong>fortunis</strong></span> <span class='ocrx_word' id='word_1_285' title='bbox 1204 2086 1276 2124; x_wconf 89' lang='grc'>311-</span> 
     </span>
     <span class='ocr_line' id='line_1_38' title="bbox 147 2140 1277 2191; baseline 0 -13"><span class='ocrx_word' id='word_1_286' title='bbox 147 2141 258 2190; x_wconf 86' lang='lat' dir='ltr'><strong>cujus</strong></span> <span class='ocrx_word' id='word_1_287' title='bbox 275 2140 437 2185; x_wconf 86' lang='lat' dir='ltr'><strong>inducti,</strong></span> <span class='ocrx_word' id='word_1_288' title='bbox 465 2141 673 2179; x_wconf 88' lang='lat' dir='ltr'><strong>amicitiam</strong></span> <span class='ocrx_word' id='word_1_289' title='bbox 699 2142 782 2191; x_wconf 86' lang='lat' dir='ltr'><strong>ejus</strong></span> <span class='ocrx_word' id='word_1_290' title='bbox 807 2141 925 2181; x_wconf 84' lang='lat' dir='ltr'><strong>secuti</strong></span> <span class='ocrx_word' id='word_1_291' title='bbox 949 2149 1053 2190; x_wconf 88' lang='lat' dir='ltr'><strong>sunt,</strong></span> <span class='ocrx_word' id='word_1_292' title='bbox 1078 2141 1134 2187; x_wconf 93' lang='lat' dir='ltr'><strong>hi,</strong></span> <span class='ocrx_word' id='word_1_293' title='bbox 1161 2140 1277 2179; x_wconf 89' lang='lat' dir='ltr'><strong>simul</strong></span> 
     </span>
     <span class='ocr_line' id='line_1_39' title="bbox 150 2193 1278 2248; baseline 0.001 -16"><span class='ocrx_word' id='word_1_294' title='bbox 150 2206 194 2232; x_wconf 87' lang='lat' dir='ltr'><strong>ac</strong></span> <span class='ocrx_word' id='word_1_295' title='bbox 221 2194 375 2233; x_wconf 86' lang='lat' dir='ltr'><strong>fortuna</strong></span> <span class='ocrx_word' id='word_1_296' title='bbox 402 2194 550 2248; x_wconf 83' lang='lat' dir='ltr'><strong>dilapsa</strong></span> <span class='ocrx_word' id='word_1_297' title='bbox 571 2202 640 2245; x_wconf 72' lang='lat' dir='ltr'><strong>oet,</strong></span> <span class='ocrx_word' id='word_1_298' title='bbox 663 2195 844 2236; x_wconf 85' lang='lat' dir='ltr'><strong>devolant</strong></span> <span class='ocrx_word' id='word_1_299' title='bbox 865 2207 1008 2235; x_wconf 85' lang='lat' dir='ltr'><strong>omnes.</strong></span> <span class='ocrx_word' id='word_1_300' title='bbox 1049 2193 1152 2234; x_wconf 87' lang='lat' dir='ltr'><strong>Cum</strong></span> <span class='ocrx_word' id='word_1_301' title='bbox 1174 2194 1278 2234; x_wconf 86' lang='lat' dir='ltr'><strong>enim</strong></span> 
     </span>
    </p>
   </div>
  </div>
 </body>
</html>
