1456 2396
297 74 376 115 DE
406 75 659 125 FINIBUs,
689 76 789 115 ιη.
813 76 846 115 1.
878 74 985 115 CAP.
1007 75 1044 113 6.
1160 77 1239 115 355

97 185 229 223 minus
254 197 299 223 eo
324 184 516 232 delectari,
544 185 648 237 quod
679 185 751 224 ista
778 184 965 233 Platonis,
994 184 1229 231 Aristotelis,

98 239 370 289 Theophrasti,
387 240 566 278 orationis
578 248 803 279 ornamenta
815 238 1050 291 neglexerit:
1073 251 1166 276 nam
1184 240 1232 276 il-

95 293 161 330 luc
178 292 335 344 quidem
355 294 494 332 adduci
518 294 584 332 vix
609 308 781 345 possum,
809 301 853 332 ut
879 307 937 343 ea,
964 306 1054 345 quae
1072 293 1230 332 senserit

96 346 176 393 ille,
197 347 268 385 tibi
286 360 364 386 non
383 361 472 386 vera
490 348 703 386 videantur.

149 401 252 439 Vide
265 409 472 453 quantum,
489 403 664 454 inquam,
681 402 828 449 fallare,
845 402 1056 454 Torquate.
1087 400 1226 440 Oratio

94 467 158 493 me
176 454 285 494 istius
304 456 522 508 philosophi
541 469 619 495 non
644 457 827 495 offendit:
859 469 951 494 nam
977 464 1014 494 et
1039 457 1229 507 complec-

92 509 187 547 titur
213 511 350 557 verbis,
380 511 485 562 quod
511 512 608 558 vult,
639 519 676 549 et
702 511 793 549 dicit
819 511 948 562 plane,
979 510 1084 562 quod
1113 510 1227 549 intel-

91 563 212 615 ligam
227 579 237 602 ε
261 571 298 602 et
317 572 446 603 tamen
460 579 483 603 a
497 565 740 617 philosopho,
758 565 789 603 si
803 565 935 603 afferat
950 565 1225 616 eloquentiam,

91 629 170 656 non
196 619 423 670 adsperner:
455 620 488 658 si
506 632 584 658 non
603 620 756 666 habeat,
784 632 862 657 non
885 619 1097 657 admodum
1115 619 1226 670 flagi-

91 679 183 710 tem.
215 673 277 711 Re
302 673 401 711 mihi
425 686 502 712 non
529 688 638 726 aeque
664 674 859 721 satisfacit,
884 681 924 711 et
949 673 1108 724 quidem
1132 673 1225 712 locis

88 727 277 777 pluribus.
322 728 412 775 Sed,
442 736 537 780 quot
565 729 755 776 homines,
785 735 843 766 tot
871 727 1078 766 sententiae.
1122 727 1225 766 Falli

86 780 206 832 igitur
224 795 440 833 possumus.
482 784 750 831 Quamobrem
776 783 948 828 tandem,
975 781 1116 832 inquit,
1145 794 1223 820 non

87 835 301 875 satisfacit?
336 844 373 875 te
406 837 510 875 enim
540 838 711 887 judicem
745 850 903 889 aequum
935 843 1057 887 put03
1089 835 1220 884 modo,

86 903 176 941 quae
194 890 295 929 dicat
312 890 391 938 ille,
412 893 510 930 bene
529 893 644 930 nuris.
687 891 778 930 Nisi
795 891 893 929 mihi
914 889 1140 935 Phaedrum,
1161 890 1222 928 in-

84 957 220 995 quam,
249 945 472 994 mentitum,
512 954 580 984 aut
618 947 830 992 Zenonem,
867 952 996 997 putas,
1035 947 1220 996 (quorum

84 1006 295 1051 utrumque
313 1000 458 1047 audivi,
489 1014 578 1039 cum
604 1001 703 1039 mihi
725 1001 823 1038 nihil
843 1012 933 1038 sane
951 1006 1088 1050 praeter
1107 998 1220 1037 sedu-

82 1053 230 1092 litatem
250 1055 472 1105 probarent)
492 1068 624 1094 omnes
643 1055 742 1093 mihi
762 1053 923 1106 Epicuri
942 1052 1139 1092 sententiae
1158 1067 1218 1091 sa-

83 1108 132 1146 tis
151 1115 252 1147 notae
271 1116 372 1147 sunt.
416 1109 553 1162 Atque
572 1124 648 1157 eos,
677 1122 773 1162 quos
792 1107 1004 1154 nominavi,
1032 1120 1122 1146 cum
1140 1107 1219 1145 At-

82 1162 157 1201 tico
188 1170 318 1202 nostro
349 1163 568 1216 frequenter
601 1164 757 1209 audivi;
789 1177 879 1201 cum
911 1162 1115 1200 miraretur
1151 1162 1219 1200 ille

81 1216 240 1268 quidem
265 1225 489 1270 utrumque,
511 1219 723 1258 Phaedrum
749 1226 879 1256 autem
906 1216 1022 1255 etiam
1041 1224 1188 1255 amaret
1202 1230 1214 1254 =

81 1271 330 1324 quotidieque
354 1272 454 1312 inter
478 1286 547 1312 nos
570 1287 627 1321 ea,
649 1287 738 1325 quae
757 1272 1024 1317 audiebamus,
1047 1271 1217 1309 confere-

81 1327 244 1365 bamus:
275 1339 401 1379 neque
421 1336 500 1366 erat
519 1341 695 1380 unquam
725 1325 993 1375 controversia,
1021 1325 1118 1378 quid
1143 1338 1215 1377 ego

79 1380 347 1433 intelligerem,
369 1382 434 1420 sed
453 1382 548 1434 quid
566 1384 782 1435 probarem.

131 1435 208 1474 VI.
239 1435 349 1484 Quid
374 1437 494 1488 igitur
520 1446 589 1484 est,
619 1437 778 1489 inquit?
808 1434 940 1474 audire
960 1433 1064 1473 enim
1083 1433 1212 1486 cupio,

78 1489 174 1542 quid
206 1503 284 1528 non
317 1493 468 1543 probes.
513 1492 723 1543 Principio,
753 1491 930 1542 inquam,
960 1489 1000 1526 in
1029 1489 1212 1540 physicis,

76 1545 219 1596 quibus
244 1546 416 1584 maxime
440 1547 641 1598 gloriatur,
672 1545 886 1598 [primum]
916 1551 1017 1582 totus
1044 1551 1099 1581 est
1121 1543 1214 1581 alie-

74 1611 160 1638 nus.
191 1599 415 1639 Democrito
434 1601 579 1650 adjicit,
600 1614 792 1652 perpauca
805 1606 976 1645 mutans,
998 1597 1064 1636 sed
1078 1597 1146 1645 ita,
1167 1604 1213 1636 ut

74 1667 132 1701 ea,
161 1668 249 1706 quae
274 1655 463 1707 corrigere
489 1657 586 1703 vult,
613 1655 713 1693 mihi
738 1653 896 1706 quidem
921 1653 1128 1704 depravare
1153 1652 1212 1690 vi-

73 1708 219 1746 deatur.
265 1709 339 1748 Ille
358 1717 506 1749 atomos
526 1714 640 1762 (quas
660 1709 860 1762 appellat),
888 1707 928 1745 id
954 1715 1025 1755 est,
1053 1719 1211 1758 corpora

72 1763 286 1811 individua,
307 1773 462 1817 propter
481 1765 711 1804 soliditatem
731 1770 856 1802 censet
874 1761 915 1800 in
934 1761 1085 1799 infinito
1104 1760 1211 1799 inani

74 1818 133 1861 (in
158 1831 237 1870 quo
261 1819 360 1857 nihil
386 1833 455 1858 nec
481 1833 697 1867 summum,
723 1830 794 1857 nec
820 1816 1017 1863 infimum,
1038 1828 1107 1854 nec
1126 1828 1209 1853 me-

72 1871 197 1920 dium,
227 1885 297 1911 nec
316 1874 516 1921 ultimum,
544 1887 614 1913 nec
633 1881 851 1912 extremum
871 1871 936 1919 sit)
956 1871 1010 1908 ita
1028 1870 1132 1916 ferri,
1163 1876 1209 1907 ut

70 1927 382 1968 concursionibus
396 1928 496 1967 inter
516 1942 555 1968 se
574 1929 852 1967 cohaerescant:
875 1939 923 1964 ex
943 1938 1021 1976 quo
1041 1923 1208 1963 effician-

70 1988 136 2019 tUl’
151 1994 209 2027 ea,
230 1995 319 2033 quae
337 1983 427 2031 sint,
445 1997 609 2036 quaeque
624 1990 841 2027 cernantur,
862 1980 1016 2019 omnia:
1039 1990 1209 2029 eumque

71 2042 226 2074 motum
251 2044 471 2076 atomorum
497 2038 606 2077 nullo
632 2051 655 2075 a
679 2036 881 2090 principio,
909 2034 974 2072 sed
997 2046 1046 2071 ex
1065 2039 1208 2092 aeterno

71 2097 258 2141 tempore,
297 2091 462 2144 intelligi
494 2092 705 2131 convenire.
756 2090 952 2142 Epicurus
985 2094 1130 2133 autem,
1164 2098 1206 2124 111

72 2144 215 2196 quibus
252 2147 425 2198 sequitur
462 2146 746 2194 Democritum,
792 2157 871 2183 non
913 2142 991 2181 fere
1033 2140 1178 2179 labitur
1191 2154 1203 2177 ε

71 2212 316 2251 quamquam
346 2200 547 2254 utriusque
577 2214 669 2242 cum
697 2200 824 2241 multa
851 2210 930 2238 non
959 2197 1093 2249 probos
1120 2202 1207 2234 tum
