1466 2458
236 116 290 154 28
563 114 826 166 ORATOR,
847 115 956 156 cn».
969 117 1038 156 30.

235 224 333 263 ritui·
363 227 521 277 genus?
556 225 662 278 quod
694 226 735 264 in
763 225 908 266 Aviti?
949 224 1056 279 quod
1086 225 1129 264 in
1159 223 1364 264 Cornelii?

234 279 370 331 quod'
359 293 400 318 111
418 280 596 332 plurimis
614 281 752 320 nostris
775 280 1061 320 defensionibus
1073 281 1092 319 ?
1120 293 1210 332 quae
1227 291 1363 318 exem-

235 334 302 386 pla
321 335 552 386 selegissem,
571 335 645 374 nisi
664 335 724 374 vel
743 343 835 374 nota
849 348 927 374 esse
941 335 1160 383 arbitrarer,
1174 334 1236 373 vel
1254 346 1366 386 posse

239 388 392 439 eligere,
409 389 478 441 qui
481 397 717 452 quaererent.
747 390 872 429 Nulla
886 398 943 429 est
957 390 1062 428 enim
1074 388 1181 428 ullo
1169 401 1211 427 ιιι
1227 401 1367 440 genere

239 443 327 481 laus
351 444 525 506 oratoris,
553 445 677 494 cujus,
702 444 743 482 in
770 445 907 483 nostris
934 444 1186 492 orationibus,
1211 455 1292 482 non
1317 443 1368 481 sit

241 497 386 549 aliqua,
419 498 450 536 si
479 511 558 538 non
590 498 785 550 perfectio,
818 506 858 537 at
886 506 1045 537 conatus
1075 506 1222 546 tamen,
1249 504 1368 550 atque

240 551 497 591 adumbratio.
536 553 631 591 Non
649 553 916 606 assequimur:
947 560 1002 602 at,
1022 553 1119 605 quid
1144 552 1289 601 deceat,
1309 551 1370 590 vi·

240 606 389 646 demus.
430 608 516 646 Nec
541 608 644 646 enim
671 621 775 647 nunc
800 608 848 646 de
874 607 999 657 nobis,
1027 607 1094 647 sed
1119 606 1168 646 de
1193 620 1248 656 re,
1274 605 1372 644 diei-

240 673 357 707 mus3
387 661 428 700 in
458 675 536 713 quo
561 669 713 700 tantum
740 664 860 711 abest,
880 671 926 701 ut
951 669 1081 701 nostra
1103 661 1306 709 miremur,
1325 668 1372 699 ut

240 729 364 767 usque
383 729 427 755 eo
445 716 617 755 difficiles
643 730 686 755 ac
705 717 845 756 morosi
864 717 999 767 simus,
1019 725 1065 756 ut
1082 716 1194 755 nobis
1212 728 1291 755 non
1311 728 1374 754 sa-

241 770 406 809 tisfaciat
434 771 517 823 ipse
548 771 858 818 Demosthenes,
894 771 964 824 qui
994 783 1236 824 quamquam
1268 782 1372 808 unus

241 824 386 863 eminet
403 825 502 864 inter
523 838 656 864 omnes
683 827 725 864 in
751 826 858 865 omni
886 839 1026 888 genere
1047 825 1214 874 dicendi,
1240 831 1374 863 tamen

241 891 321 918 non
345 893 495 933 semper
513 880 650 932 implet
668 894 778 920 aures
802 894 936 920 meas:
966 880 1023 919 ita
1047 887 1138 920 sunt
1167 878 1304 927 avidae,
1333 886 1372 918 et

240 947 423 986 capaces·
411 964 423 981 ‚
455 942 492 973 et
510 948 660 988 semper
677 936 853 988 aliquid
842 948 1079 975 unmensum
1096 934 1373 986 infinitumque

250 988 477 1027 desiderant.

296 1043 438 1082 XXX.
455 1044 532 1083 Sed
550 1051 694 1095 tamen,
719 1045 903 1098 quoniam
926 1053 964 1084 et
981 1045 1087 1084 hunc
1105 1052 1148 1084 tu
1166 1050 1372 1092 oratorem,

240 1111 331 1137 cum
351 1099 433 1148 ejus
459 1099 734 1138 studiosissimo
754 1101 982 1148 Pammene,
1005 1113 1096 1139 cum
1123 1112 1221 1138 esses
1242 1098 1372 1137 Athe-

245 1153 319 1200 nis,
340 1160 466 1191 totum
485 1153 774 1205 diligentissime
793 1155 1029 1206 cognovisti;
1059 1167 1185 1206 neque
1204 1165 1295 1192 eum
1313 1152 1373 1191 di-

246 1207 368 1246 mittis
398 1221 419 1246 e
445 1208 650 1246 manibus:
682 1217 720 1247 et
745 1217 874 1248 tamen
902 1218 1033 1248 nostra
1057 1209 1174 1248 etiam
1199 1207 1375 1253 lectitas3

245 1261 364 1311 vidos,
384 1262 568 1314 profecto,
587 1263 702 1302 illum
720 1264 846 1302 multa
864 1263 1058 1315 perficere,
1077 1276 1148 1302 nos
1165 1263 1292 1300 multa
1312 1275 1376 1301 co-

246 1315 356 1363 nari3
396 1317 511 1354 illum
553 1330 676 1368 posse,
722 1330 792 1356 nos
829 1319 941 1365 velle,
975 1330 1223 1370 quocumque
1257 1316 1376 1356 modo

246 1383 362 1409 causa
391 1371 573 1433 postulet,
605 1372 740 1411 dicere.
771 1373 847 1412 Sed
876 1373 943 1411 ille
974 1384 1168 1424 magnus;
1209 1383 1302 1410 nam
1335 1378 1376 1410 et

246 1426 425 1464 successit
450 1425 532 1477 ipse
557 1427 724 1478 magnis,
759 1435 796 1465 et
824 1427 1016 1466 maximos
1044 1434 1212 1465 oratores
1240 1425 1380 1465 habuit

248 1480 439 1532 aequales:
470 1492 539 1519 nos
558 1493 746 1532 magnum
765 1481 1001 1530 fecissemus,
1027 1481 1060 1520 si
1084 1480 1243 1533 quidem
1261 1487 1378 1532 potu-

246 1534 422 1584 issemus,
442 1548 521 1596 quo
540 1535 821 1583 contendimus,
847 1536 1060 1588 pervenire,
1079 1535 1121 1574 in
1140 1535 1186 1574 ea
1203 1534 1377 1583 urbe,in

245 1602 327 1640 qua
347 1591 409 1632 (ut
432 1589 487 1628 ait
513 1589 729 1639 Antonius)
755 1591 910 1629 auditus
935 1591 1118 1642 eloquens
1143 1602 1261 1628 nemo
1280 1596 1374 1627 erat.

246 1643 390 1695 Atqui,
418 1643 451 1681 si
474 1643 651 1682 Antonio
677 1645 837 1684 Crassus
862 1645 1045 1697 eloquens
1064 1644 1167 1683 visus
1194 1656 1272 1682 non
1301 1650 1372 1691 est,

247 1704 317 1736 aut
335 1697 409 1736 sibi
427 1697 536 1749 ipse,
524 1712 536 1722 ·
566 1711 769 1751 nunquam
783 1700 898 1739 Cotta
913 1700 1017 1739 visus
1032 1706 1143 1747 esset,
1169 1710 1375 1750 nunquam

248 1752 457 1804 Sulpicius,
478 1765 681 1804 nunquam
706 1754 962 1793 Hortensius.
992 1753 1092 1792 nihil
1117 1753 1223 1792 enim
1247 1752 1378 1814 ample

250 1806 379 1856 Cotta,
407 1806 506 1844 nihil
543 1807 679 1846 leniter
711 1809 920 1861 Sulpicius,
948 1821 1027 1847 non
1059 1808 1187 1847 multa
1213 1806 1380 1860 graviter

253 1861 497 1900 Hortensius.
533 1862 755 1913 Superiores
779 1863 904 1915 magis
922 1863 972 1902 ad
993 1874 1109 1902 omne
1120 1874 1257 1924 genus
1281 1861 1378 1913 apti,

254 1915 438 1954 Crassum
469 1915 569 1964 dico,
601 1923 638 1954 et
665 1917 898 1956 Antonium.
927 1918 1093 1968 Jejunas
1117 1916 1237 1968 igitur
1261 1915 1382 1965 hujus

254 1969 480 2031 multiplicis
499 1977 537 2008 et
556 1971 823 2022 aequabiliter
812 1984 853 2009 ιιι
873 1972 1005 2011 omnia
1021 1983 1162 2023 genera
1179 1969 1277 2009 fusae
1295 1982 1382 2008 ora-

255 2024 369 2062 tionis
395 2037 508 2062 aures
530 2024 692 2064 civitatis
717 2026 957 2077 accepimus:
989 2038 1129 2078 easque
1152 2037 1222 2063 nos
1246 2023 1380 2076 primi,

255 2078 492 2130 quicumque
520 2091 687 2128 eramus,
726 2087 763 2118 et
796 2081 1200 2132 quantulumcumque
1231 2078 1386 2117 diceba-

254 2145 358 2179 mus,
377 2132 428 2170 ad
445 2133 564 2183 hujus
576 2133 725 2184 generis
739 2133 934 2188 [dicendi]
947 2133 1130 2174 audiendi
1143 2131 1383 2173 incredibilia

255 2187 384 2229 studia
401 2187 670 2227 convertimus.

261 2241 482 2290 Quantis
498 2241 567 2280 illa
584 2242 816 2283 clamoribus
838 2243 1112 2283 adolescentuli
1140 2241 1314 2282 diximus
1337 2240 1388 2299 de
