1456 2396
268 417 349 474 M.
384 417 637 470 TULLII
678 415 1069 468 CICERONIS

140 598 607 652 ACADEMICAE
653 596 1168 655 QUAESTIONES.

599 764 747 793 -ον-

214 934 452 962 EPISTOLA
474 934 730 962 CICERONIS
751 933 814 961 AD
836 932 1123 970 VARRONEM,

101 1061 189 1086 cum
212 1053 380 1100 quatuor
392 1049 718 1087 Academicorum
738 1049 854 1086 libros
874 1049 925 1086 ad
947 1060 1034 1086 eum
1049 1049 1234 1085 mitteret.

315 1126 473 1176 (Epist.
495 1126 545 1164 ad
565 1126 751 1174 diversos,
773 1126 861 1163 Lib.
884 1125 937 1163 ix.
959 1126 1017 1173 8.)

155 1255 272 1295 ETSI
306 1269 451 1295 munus
479 1256 666 1308 flagitare,
697 1256 876 1309 quamvis
904 1255 991 1308 quis
1013 1254 1235 1304 ostenderit,

102 1345 152 1371 ne
170 1333 339 1385 populus
354 1332 513 1385 quidem
533 1333 642 1381 solet,
659 1333 733 1371 nisi
752 1332 961 1371 concitatus
976 1346 987 1378 ;
1019 1339 1150 1370 tamen
1166 1342 1237 1382 ego

103 1408 384 1460 exspectatione
403 1409 582 1461 promissi
601 1409 660 1447 tui
678 1421 848 1457 moveor,
866 1416 910 1447 ut
934 1408 1165 1446 admoneam
1184 1413 1237 1454 te,

99 1497 178 1524 non
197 1493 243 1523 ut
261 1484 446 1537 flagitem.
478 1485 575 1524 Misi
594 1493 726 1524 autem
746 1485 795 1524 ad
815 1492 852 1523 te
872 1492 1041 1537 quatuor
1060 1482 1238 1521 admoni-

102 1568 200 1600 tores
219 1573 298 1600 non
316 1561 433 1601 nimis
453 1561 685 1601 verecundos
702 1576 713 1601 ι
744 1561 847 1600 n6sti
875 1560 979 1600 enim
1006 1559 1177 1612 profecto
1196 1571 1239 1597 os

99 1635 405 1676 adolescentioris
433 1636 672 1677 Acadenaiae.
732 1637 799 1676 Ex
819 1637 865 1676 εἴ),
883 1637 1003 1688 igitur
1020 1636 1151 1675 media
1170 1649 1238 1674 ex-

102 1711 236 1751 citatos
265 1712 383 1759 misi;
416 1713 499 1766 qui,
527 1722 674 1764 metuo,
695 1726 744 1753 ne
763 1722 800 1753 te
819 1713 916 1752 forte
936 1713 1135 1765 flagitent:
1168 1725 1238 1764 ego

103 1794 235 1826 autem
253 1788 453 1839 mandavi,
474 1795 519 1827 ut
537 1796 729 1841 rogarent.
772 1788 1060 1841 Exspectabam
1079 1788 1240 1827 omnino

101 1862 269 1913 jamdiu,
295 1876 438 1917 meque
457 1865 708 1914 sustinebam,
725 1877 774 1903 ne
794 1864 844 1903 ad
862 1872 900 1903 te
918 1864 1025 1917 prius
1044 1864 1126 1916 ipse
1145 1861 1241 1915 quid

103 1938 322 1988 scriberem,
357 1953 478 1992 quam
504 1940 652 1993 aliquid
678 1941 922 1993 accepissem,
946 1948 991 1979 ut
1019 1952 1173 1992 possem
1202 1946 1240 1976 te

107 2017 347 2055 remunerari
373 2031 492 2069 quam
518 2018 717 2056 simillimo
742 2031 914 2056 munere.
959 2016 1050 2065 Sed,
1078 2028 1168 2055 cum
1192 2022 1236 2053 tu

107 2092 256 2132 tardius
288 2092 444 2143 faceres,
474 2093 516 2132 id
542 2100 598 2132 est
623 2096 685 2138 (ut
704 2107 774 2146 ego
793 2093 1053 2145 interpretor),
1075 2091 1240 2142 diligen-

108 2167 204 2212 tius,
237 2167 357 2208 teneri
384 2180 462 2208 non
494 2169 619 2221 potui,
641 2169 736 2222 quin
760 2167 1070 2220 conjunctionem
1097 2165 1243 2207 studio-
