1456 2396
194 79 277 119 334
304 77 914 120 ACADEMICORUMLm.
927 79 988 120 11.
1004 79 1112 122 cu.
1124 74 1193 126 37-

191 188 314 238 vobiS,
327 201 424 251 quae
441 186 675 240 describunt,
693 188 872 241 probant.
911 189 1007 229 Non
1030 201 1163 242 quaero
1187 201 1238 229 ex
1260 187 1324 228 his

188 243 258 281 illa
283 243 394 282 initia
422 243 800 294 mathematicorum,
832 244 975 297 quibus
1007 256 1088 282 non
1121 242 1321 290 conoeOEiS,

191 297 359 349 digitum
377 298 556 350 progredi
574 311 655 337 non
671 306 851 350 possunt.
883 301 1088 337 Punctum
1106 311 1200 346 ease,
1219 296 1326 350 quod

194 352 507 414 magnitudinem
544 353 695 391 nullam
726 353 894 391 habeat.
924 354 1248 401 Extremitatem,
1286 358 1326 389 et

194 407 305 468 quasi
322 407 645 456 libramentum,
633 420 674 445 m
694 421 772 459 quo
797 407 907 445 nulla
931 406 1090 446 omnino
1114 405 1325 445 crassitudo

195 461 271 499 sit:
295 446 643 516 {Lineamentuna
666 462 950 513 longitudinem
1039 474 1060 500 e
1085 460 1301 499 latitudine.

200 515 299 554 Haec
319 528 409 553 cum
434 529 525 554 vera
550 529 629 554 esse
654 529 893 554 concessero.
920 474 1328 608 ΞΗῶἶω
1351 541 1361 556 -,
1387 528 1404 558 -1

20 616 26 625 ἱ
62 611 63 615 Ἰ
126 614 135 618 α
193 569 377 617 randum,
405 570 689 622 sapientemne,
694 569 835 622 {poss}
865 584 917 622 qu
997 570 1165 608 Archim
1214 581 1268 617 es,
1284 581 1329 607 eo

198 624 449 676 inspectante,
469 625 634 663 rationes
659 637 793 663 omnes
818 624 1056 676 descripserit
1080 637 1157 673 eas,
1187 623 1331 676 quibus

199 679 375 727 efficitur,
396 679 531 717 multis
549 679 724 731 partibus
743 680 863 717 solem
888 680 1075 729 majorem
1095 691 1188 727 esse,
1210 690 1331 730 quam

198 740 365 779 terram;
393 735 615 783 juraturum
635 736 780 785 putas?
811 734 853 772 Si
878 733 1023 783 fecerit,
1044 733 1166 772 solem
1184 732 1330 784 ipsum,

201 801 322 840 quem
342 788 474 826 Deum
494 797 619 827 censet
640 801 731 837 esse,
753 788 1005 827 contemserit.

253 842 373 890 Quod
392 842 423 880 si
442 842 680 894 geometricis
700 842 911 881 rationibus
930 855 1008 881 non
1028 850 1085 881 est
1103 841 1332 890 crediturus,

202 910 290 949 quae
309 897 388 935 vim
407 897 601 935 afferunt
590 909 631 934 m
651 897 835 945 docendo,
850 911 916 936 vos
934 897 1008 949 ipsi
1026 904 1072 935 ut
1090 897 1244 941 dicitis;
1273 908 1335 933 nae

201 952 267 990 ille
294 952 409 1003 longe
435 952 570 999 aberit,
598 960 643 989 ut
669 952 906 1002 argumentis
928 951 1058 990 credat
1087 949 1336 1003 philosopho-

203 1019 320 1044 rum:
351 1014 432 1053 aut,
464 1006 495 1044 si
523 1014 579 1044 est
604 1006 830 1054 crediturus,
860 1019 1028 1058 quorum
1054 1001 1364 1065 potissimum?

207 1060 357 1099 Omnia
375 1061 620 1112 physicorum
640 1060 729 1099 licet
749 1060 964 1112 explicare:
996 1059 1061 1099 sed
1079 1060 1243 1111 longum
1269 1066 1337 1097 est.

207 1115 352 1162 Quaero
373 1124 517 1162 tamen,
539 1127 658 1166 quem
678 1124 871 1166 sequatur.
902 1115 1027 1166 Finge
1046 1114 1217 1176 aliquem
1236 1125 1341 1151 nunc

203 1169 286 1207 fieri
302 1169 527 1220 sapientem
544 1168 719 1207 nondum
732 1182 836 1207 esse·
867 1182 986 1221 quam
999 1168 1244 1221 potissimum
1256 1179 1341 1206 sen-

205 1224 367 1261 tentiam
401 1224 516 1285 eliget
549 1231 587 1261 et
619 1183 894 1275 disciplinamq
878 1227 895 1251 '³
935 1223 1019 1286 etsi,
1054 1234 1343 1276 quamcumque

208 1278 337 1329 eliget,
358 1277 542 1330 insipiens
562 1277 688 1328 eliget.
720 1277 796 1316 Sed
816 1278 864 1316 sit
882 1278 1038 1329 ingenio
1056 1277 1202 1324 divino,
1223 1288 1342 1329 quem

206 1344 332 1370 unum
350 1345 370 1370 3
389 1332 556 1384 physicis
574 1332 819 1384 potissimum
839 1333 1049 1384 probabit?
1079 1344 1149 1370 nec
1162 1331 1251 1384 plus
1265 1343 1345 1369 uno

205 1387 355 1438 poterit.
387 1387 481 1425 Non
495 1399 703 1438 persequor
714 1387 942 1439 quaestiones
956 1386 1150 1425 infinitas:
1173 1393 1343 1433 tantum,

210 1441 258 1479 de
276 1441 473 1493 principiis
492 1454 637 1489 rerum,
658 1454 678 1479 e
697 1441 839 1493 quibus
858 1441 990 1480 onmia
1008 1447 1196 1488 constant,
1212 1439 1343 1479 videa-

210 1508 313 1543 mus,
335 1509 452 1547 quem
478 1497 639 1547 probet:
671 1504 728 1534 est
746 1496 850 1534 enim
868 1496 968 1534 inter
990 1507 1152 1548 magnos
1170 1494 1348 1534 homines

212 1563 367 1588 summa
386 1550 582 1588 dissensio.

266 1604 499 1643 XXXVII.
531 1604 715 1656 Princeps
734 1604 894 1652 Thales,
915 1616 1019 1643 unus
1044 1617 1066 1644 e
1093 1611 1255 1656 septem,
1283 1616 1348 1642 cm

213 1671 280 1697 sex
300 1660 466 1711 reliquos
487 1659 709 1698 concessisse
727 1659 873 1711 primas
891 1659 1034 1707 ferunt,
1055 1672 1103 1698 ex
1126 1658 1229 1710 aqua
1248 1657 1349 1695 dixit

215 1722 387 1752 constare
405 1713 548 1751 omnia.
591 1715 651 1752 At
675 1713 748 1752 hoc
766 1713 1079 1761 Anaximandro,
1105 1711 1285 1765 populari
1313 1718 1352 1750 et

216 1767 337 1806 sodali
356 1781 439 1816 suo,
456 1780 533 1805 non
547 1767 745 1819 persuasit.
776 1769 818 1807 Is
836 1768 940 1807 enim
954 1767 1186 1806 infinitatem
1200 1774 1352 1804 naturae

215 1822 315 1860 dixit
334 1835 426 1869 esse,
448 1835 468 1860 e
488 1823 567 1873 quii
585 1823 716 1861 omnia
731 1823 990 1875 gignerentur.
1022 1822 1129 1870 Post,
1143 1822 1227 1871 ejus
1239 1820 1350 1859 audi-

218 1885 278 1915 tor
300 1877 582 1923 Anaximenes,
603 1877 801 1916 infinitum
820 1881 936 1916 ae'ra.
967 1876 1032 1916 sed
1052 1889 1110 1925 ea,
1131 1889 1220 1928 quae
1238 1888 1287 1913 ex
1307 1887 1352 1913 eo

218 1931 422 1979 orirentur,
461 1930 642 1969 definita:
685 1932 793 1993 gigni
830 1940 961 1970 autem
994 1939 1151 1980 terram,
1191 1941 1350 1982 aquam,

219 1986 366 2037 ignem,
397 1994 483 2024 tum
514 1999 562 2024 ex
588 1985 649 2024 his
676 1986 832 2025 omnia:
861 1987 1133 2037 Anaxagoras,
1152 1983 1357 2023 materiam

220 2040 439 2079 infinitam:
481 2040 547 2078 sed
577 2053 624 2079 ex
655 2053 701 2078 ea
732 2041 953 2093 particulas,
984 2039 1128 2079 similes
1164 2039 1265 2077 inter
1296 2050 1352 2086 se,

221 2094 418 2141 minutas;
448 2107 511 2133 eas
537 2095 711 2147 primum
735 2095 925 2144 confusas,
952 2101 1085 2147 postea
1111 2093 1153 2131 in
1179 2092 1356 2132 ordinem

221 2148 407 2188 adductas
424 2161 448 2187 a
466 2157 596 2188 mente
621 2148 777 2188 divina:
807 2149 1071 2202 Xenophanes
1094 2147 1214 2200 paulo
1238 2147 1356 2186 etiam

220 2203 430 2256 antiquior,
450 2215 576 2244 unum
595 2215 676 2244 esse
694 2203 841 2255 omnia,
856 2216 984 2258 neque
993 2203 1036 2244 id
1049 2215 1129 2243 esse
1139 2201 1357 2247 mutabilem
