1456 2396
153 94 233 132 204
271 91 354 132 AD
374 91 752 143 HERENNIUM,
774 93 873 133 Lm.
888 94 969 134 ΠΙ.
990 94 1095 135 CAP.
1112 96 1173 137 19.

152 201 287 252 perire,
307 208 343 239 et
361 201 401 239 in
414 200 505 240 locis
517 201 700 253 imag-ines
714 203 936 241 constituere
949 211 1132 255 oporteat,
1145 206 1268 244 osten·-

152 255 300 293 demus.

207 308 350 348 XVII.
380 308 718 357 Quemadmodum
741 310 870 361 igitur,
894 310 962 362 qui
981 310 1107 350 literas
1130 311 1269 359 sciunt,

153 372 311 413 possunt
339 363 393 409 id,
423 363 526 415 quod
552 364 735 402 dictatum
763 372 832 413 est,
860 365 1032 412 scribere,
1058 373 1096 404 et
1118 367 1272 404 recitare

152 417 257 467 quod
275 417 526 468 scripserunt,
555 418 609 456 ita
626 419 693 469 qui
715 434 910 467 μυημονικα
934 418 1158 467 didicerunt,
1183 433 1271 471 pos-

152 478 257 517 sunt,
276 485 363 523 quae
381 471 596 519 audierunt,
615 472 655 509 in
673 473 763 511 locis
781 473 974 533 follocare,
994 480 1031 511 et
1048 486 1096 512 ex
1112 473 1172 511 his
1188 486 1270 512 me-

154 526 307 563 moriter
324 526 578 576 pronuntiare.
619 527 714 565 Loci
732 526 834 565 enim
857 540 950 565 cerae
969 535 1036 565 aut
1059 527 1198 566 chartae
1221 528 1270 566 si-

152 579 308 616 millimi
332 587 445 625 sunt;
478 580 676 641 imagines,
701 580 843 625 literis;
877 581 1070 632 dispositio
1094 588 1132 620 et
1155 582 1269 619 00110-

153 633 250 671 catio
279 634 558 695 imaginum,s
541 634 760 685 scripturae,
800 635 1070 696 pronuntiatio,
1106 635 1270 673 lectioni.

153 686 318 738 Oportet
334 688 464 739 igitur,
485 688 516 727 si
534 689 711 726 volumus
734 690 858 727 multa
881 689 1110 736 meminisse,
1129 689 1272 728 multos

153 741 263 780 nobis
279 742 380 780 locos
399 754 628 794 comparare,
648 750 692 781 ut
709 742 749 780 in
767 743 898 781 multis
915 743 1006 782 locis
1019 743 1185 781 multas
1173 756 1270 782 una-

153 795 259 845 gines
277 796 456 834 collocare
473 796 671 848 possimus.
701 798 802 835 Item
823 805 1004 848 putamus
1028 804 1198 848 oportere
1221 810 1270 836 ex

151 849 283 887 ordine
311 850 380 888 hos
410 850 511 888 locos
541 851 693 897 habere,
727 863 775 890 ne
806 850 959 902 quando
990 851 1271 903 perturbatione

151 903 294 942 ordinis
317 903 585 966 impediamur,
614 918 692 956 quo
718 905 837 943 secius
864 912 982 956 quoto
1008 917 1161 956 quoque
1186 906 1270 943 1000

152 957 299 1005 libebit,
326 959 386 996 vel
409 971 432 995 a
457 959 646 1010 superiore
663 959 723 998 vel
748 961 797 997 ab
820 958 995 997 inferiore
1015 959 1076 998 vel
1098 972 1121 996 a
1141 959 1269 997 media

153 1020 272 1062 parte,
287 1011 470 1062 imagines
484 1013 604 1064 sequi,
617 1020 661 1050 ut
675 1026 731 1059 ea,
747 1026 835 1065 quae
847 1012 1027 1051 mandata
1038 1013 1131 1052 10013
1142 1021 1267 1061 erunt,

153 1065 279 1104 videre
297 1073 334 1103 et
351 1066 515 1117 proferre
532 1066 731 1118 possimus.

209 1119 377 1158 XVIII.
407 1120 514 1158 Nam
533 1127 590 1165 ut,
611 1121 642 1158 si
667 1120 708 1158 in
725 1120 856 1160 ordine
874 1127 1013 1159 stantes
1037 1128 1144 1160 notos
1163 1134 1266 1160 eom-

154 1173 282 1225 plures
301 1173 522 1222 viderimus,
537 1174 635 1212 nihil
651 1175 781 1212 nostra
797 1175 958 1222 intersit,
977 1183 1111 1213 utrum
1124 1188 1148 1214 a
1161 1188 1266 1213 sum-

156 1240 235 1288 mo,
259 1240 308 1264 an
327 1229 376 1265 ab
394 1227 487 1288 11110,
507 1240 556 1265 an
582 1230 630 1266 ab
656 1228 783 1266 medio
807 1228 965 1267 nomina
988 1242 1121 1267 eorum
1145 1229 1269 1267 dicere

157 1281 409 1332 incipiamus3
438 1281 531 1319 item
557 1282 597 1319 in
622 1281 714 1319 10013
739 1295 787 1320 ex
811 1282 942 1320 ordine
969 1282 1158 1321 collocatis
1184 1295 1269 1321 eve-

158 1335 252 1381 niet,
272 1342 317 1373 ut
334 1335 375 1372 10
394 1335 606 1386 quamlibet
622 1343 785 1386 partem,
805 1346 922 1388 quoto
947 1349 1100 1388 quoque
1122 1337 1205 1375 1000
1221 1337 1270 1374 11-

158 1389 278 1436 bebit,
311 1389 544 1440 imaginibus
573 1390 808 1436 commoniti,
841 1390 963 1429 dicere
994 1390 1182 1441 possimus
1213 1391 1268 1438 id,

159 1443 263 1493 quod
280 1443 373 1481 10013
390 1443 710 1481 mandaverimus.
745 1443 877 1492 Quare
890 1445 1013 1495 placet
1024 1452 1061 1482 et
1074 1457 1122 1483 ex
1140 1444 1271 1483 ordine

158 1497 259 1535 locos
276 1510 520 1548 eomparare3
549 1506 587 1535 et
597 1498 711 1545 10003,
731 1511 827 1549 quos
844 1498 1104 1546 sumserimus,
1124 1499 1272 1549 egregie

159 1551 422 1589 commeditari
457 1551 659 1601 oportebit,
697 1560 742 1590 ut
771 1558 954 1603 perpetuo
985 1552 1094 1590 nobis
1129 1552 1271 1590 haerere

160 1605 328 1655 possint:
358 1617 450 1642 nam
478 1605 678 1656 imagines,
708 1605 804 1644 sicut
829 1606 962 1654 literae,
990 1606 1178 1653 delentur,
1203 1607 1271 1644 ubi

160 1658 258 1696 nihil
287 1658 363 1696 illis
392 1659 563 1696 utimur:
603 1659 690 1708 loci,
720 1666 921 1710 tamquam
949 1672 1047 1707 cera,
1078 1671 1273 1697 remanere

161 1712 312 1750 debent.
352 1712 420 1759 Et,
440 1725 489 1751 ne
506 1712 603 1751 forte
627 1713 668 1750 in
687 1726 847 1751 numero
864 1714 1034 1751 locorum
1052 1713 1135 1751 falli
1152 1713 1271 1764 possi-

162 1779 266 1811 mus,
286 1765 466 1827 quintum
485 1780 677 1818 quemque
698 1767 826 1805 locum
851 1767 974 1818 placet
991 1767 1140 1805 notari.
1170 1767 1274 1818 quod

163 1832 298 1880 genus,
318 1819 350 1857 si
367 1819 408 1857 in
427 1820 561 1871 quinto
579 1821 661 1859 loco
679 1833 840 1858 manum
853 1834 1008 1859 auream
1027 1821 1272 1866 collocemus;

164 1880 203 1911 et
220 1873 260 1910 in
279 1873 426 1911 decimo
445 1874 612 1925 aliquem
631 1883 781 1935 notum,
801 1875 864 1913 cui
886 1886 1106 1925 praenomen
1124 1874 1172 1912 sit
1193 1873 1274 1912 De-

165 1926 290 1965 cimo·
278 1955 290 1972 ,
319 1927 456 1965 deinde
473 1927 582 1967 facile
600 1928 671 1966 erit
689 1928 830 1967 similes
847 1936 955 1967 notas
969 1928 1103 1981 quinto
1121 1940 1275 1980 quoque

165 1981 249 2018 1000
267 1981 461 2019 collocare.

219 2034 341 2072 XIX.
370 2035 472 2073 Item
490 2035 726 2074 commodius
749 2043 805 2074 est
828 2035 870 2074 in
893 2034 1070 2075 derelicta
1093 2047 1211 2087 quam
1234 2034 1275 2073 in

167 2087 306 2126 celebri
323 2088 475 2139 regione
492 2089 593 2127 locos
605 2102 821 2140 comparare
837 2104 848 2127 ε
878 2098 1074 2141 propterea
1087 2089 1190 2141 quod
1200 2088 1274 2127 fre-

168 2141 325 2192 quentia
343 2149 380 2180 et
397 2143 656 2181 obambulatio
674 2143 876 2181 hominum
893 2146 1092 2182 conturbat
1115 2149 1153 2180 et
1171 2142 1276 2180 infir-

168 2204 249 2233 mat
281 2195 496 2249 imaginum
527 2203 659 2244 notas;
700 2197 863 2241 solitudo
892 2204 1085 2241 conservat
1113 2197 1277 2248 mtegras
