1456 2396
178 91 264 132 AD
283 91 997 142 HERENNIUM‚L113.1V.CAP.
1017 93 1082 132 54.
1114 95 1194 135 259

73 208 247 253 quentae,
278 201 351 240 hoc
383 214 528 253 genus:
571 202 600 223 ‘⁶
629 200 737 239 Nam
770 201 866 254 quid
897 210 1081 254 putamus
1112 202 1199 242 illos

73 255 256 304 dicturos,
290 255 322 294 si
353 256 426 294 1106
459 255 751 305 judicaveritis?
791 268 920 294 nonne
955 257 1028 296 hac
1064 269 1198 296 omnes

73 317 231 348 utentur
249 309 418 348 oratione
431 310 478 348 ?'’
507 308 645 348 deinde
659 309 843 359 subjicere
862 323 1089 349 sermonem.

59 376 62 380 ·
129 364 251 402 LIII.
289 364 553 403 Conformatio
579 370 648 412 est,
677 376 767 402 cum
807 364 951 416 aliqua,
997 379 1085 417 quae
1121 377 1200 404 non

58 417 195 466 -adest,
215 431 376 470 persona
395 418 639 469 confingitur,
660 418 770 469 quasi
790 418 914 465 adsit3
946 427 1012 457 aut
1031 432 1121 458 cum
1140 433 1200 458 res

74 480 198 521 muta,
230 480 298 511 aut
327 473 516 520 informis,
547 472 591 510 fit
621 472 801 523 eloquens
832 480 869 510 et
898 473 1075 521 formata,
1105 481 1142 512 et
1167 474 1202 512 ei

57 527 196 565 *oratio
226 527 449 565 attribuitur
475 526 524 564 ad
550 526 780 579 dignitatem
806 528 1106 575 accommodata,
1133 536 1202 566 aut

75 581 174 619 actio
192 580 384 643 quaedam,
405 582 477 620 hoc
495 588 607 632 pacto
622 595 632 618 ε
665 582 694 602 “
715 580 834 628 Quod
849 581 880 618 si
894 594 997 620 nunc
1011 582 1093 621 haec
1108 585 1200 621 urbs

59 635 324 674 -invictissima
342 649 474 674 vocem
493 636 636 683 mittat,
658 647 736 673 non
761 635 834 673 1106
853 644 964 686 pacto
982 637 1058 687 loq
1053 645 1190 676 uatur.
1181 639 1199 664 '³

75 690 165 751 Ego
187 690 273 752 1113,
295 690 473 741 plurimis
501 689 654 741 tropaeis
679 698 826 736 ornata,
856 690 1064 751 triumphis
1083 691 1203 729 ditata

77 744 308 792 certissimis,
348 744 565 783 clarissimis
609 744 843 795 locupletata
879 744 1059 791 victoriis,
1098 757 1203 784 nunc

77 799 209 837 vestris
229 799 492 847 seditionibus,
514 812 537 837 0
556 798 614 836 civ
616 811 668 845 es,
691 812 818 837 vexor.
850 798 984 845 Quam
1003 798 1100 837 dolis
1118 813 1203 837 rna-

76 853 203 891 litiosa
222 853 429 904 Carthago,
451 853 596 891 viribus
614 854 775 904 probata
791 853 1023 900 Numantia,
1037 853 1206 905 discipli-

78 907 138 945 nis
169 908 318 946 erudita
342 907 565 954 Corinthus,
586 907 815 946 labefactare
840 920 917 945 non
946 908 1087 959 potuit,
1120 921 1206 946 eam

77 961 279 1013 patiemini
316 974 421 1000 nunc
454 964 502 1001 ab
532 961 778 1000 homunculis
815 962 1028 1000 deterrimis
1065 963 1207 1014 proteri

77 1023 195 1068 atque
220 1016 432 1055 conculcari
447 1017 493 1055 ?'’
523 1017 640 1065 Item,
671 1018 699 1038 “
728 1016 848 1063 Quod
874 1016 905 1054 si
934 1029 1038 1055 nunc
1065 1017 1112 1054 L.
1142 1017 1208 1055 ille

77 1070 228 1109 Brutus
247 1071 458 1118 reviviscat,
480 1078 517 1109 et
530 1071 595 1108 hic
614 1078 702 1108 ante
714 1071 829 1122 pedes
841 1080 982 1109 vestros
995 1071 1106 1118 adsit,
1128 1084 1206 1109 non

78 1124 151 1164 hac
170 1132 300 1163 utatur
319 1126 511 1164 oratione.
503 1128 519 1153 '³
560 1125 648 1176 Ego
666 1138 774 1176 reges
793 1125 900 1175 ejeci,
926 1138 992 1163 vos
1024 1133 1206 1187 tyrannos

78 1179 342 1218 introducitis:
375 1193 445 1230 ego
469 1157 732 1225 libertatem?
723 1193 810 1231 quae
836 1192 914 1217 non
933 1187 1026 1226 erat,
1047 1181 1205 1242 pepe1i;

79 1246 146 1272 vos
164 1242 315 1296 partam
335 1247 482 1273 servare
501 1248 579 1272 non
598 1234 739 1272 vultis.
771 1247 853 1295 ego.
860 1235 993 1285 capitis
1011 1235 1088 1272 mei
1106 1235 1207 1286 peri-

81 1289 168 1326 culo
186 1289 351 1354 patriam
381 1289 565 1334 liberavi,
597 1302 662 1326 vos
687 1288 798 1326 liberi
825 1289 906 1326 sine
934 1288 1102 1340 periculo
1129 1303 1208 1328 esse

81 1355 159 1380 non
179 1343 349 1381 curatis?
354 1343 378 1360 ’⁹
410 1343 508 1381 Haec
527 1343 791 1389 conformatio,
812 1343 900 1381 licet
925 1344 965 1380 in
992 1344 1120 1394 plures
1149 1357 1208 1382 res

81 1405 210 1435 mutas
241 1405 357 1459 atque
386 1397 575 1435 inanimas
605 1397 868 1445 transferatur,
898 1397 1047 1449 proficit
1078 1405 1208 1436 tamen

81 1451 326 1502 plurimum
316 1464 357 1489 111
377 1452 683 1503 amplificationis
701 1452 874 1503 partibus
900 1461 938 1490 et
965 1452 1211 1491 commisera-

82 1506 198 1544 tione.

139 1560 375 1612 Significatio
395 1568 464 1609 est,
492 1574 579 1612 quae
598 1561 715 1613 plus'
704 1574 745 1599 m
771 1561 984 1613 suspicione
1010 1560 1207 1612 relinquit,

83 1628 204 1666 quam
223 1615 393 1666 positum
412 1623 468 1653 est
490 1615 529 1652 in
550 1616 731 1654 oratione.
774 1615 838 1654 Ea
862 1615 906 1653 fit
931 1628 999 1667 per
1025 1617 1210 1654 exubera-

81 1669 242 1716 tionem,
277 1669 522 1721 ambiguum,
561 1670 886 1721 consequentiam,
926 1669 1209 1719 abscissionem,

84 1723 403 1769 similitudinem?
422 1724 497 1762 Per
512 1725 840 1773 exuberationem,
854 1737 943 1762 cum
959 1725 1048 1775 plus
1063 1723 1211 1762 dictum

85 1785 154 1824 est,
177 1791 295 1830 quam
314 1778 460 1830 patitur
475 1779 626 1826 veritas,
643 1779 829 1830 augendae
843 1778 1068 1830 suspicionis
1080 1779 1208 1827 causa,

85 1831 164 1870 sic:
197 1835 226 1855 “
248 1832 340 1880 Hic,
367 1833 415 1871 de
440 1840 548 1871 tanto
573 1833 819 1884 patrimonio,
846 1840 926 1871 tam
958 1834 1031 1872 cito
1056 1840 1210 1881 testam,

85 1886 166 1937 qua
184 1886 256 1925 sibi
274 1895 380 1938 petat
394 1887 540 1938 ignem,
557 1900 634 1926 non
648 1888 844 1939 reliquit.”
874 1888 951 1926 Per
965 1887 1209 1937 ambiguum,

85 1953 177 1978 cum
195 1942 357 1979 verbum
375 1949 498 1993 potest
509 1942 550 1979 in
563 1942 658 1980 duas
673 1943 848 1993 pluresve
861 1941 1063 1980 sententias
1075 1941 1210 1992 accipi,

86 1994 153 2033 sed
171 1995 355 2046 accipitur
372 1996 414 2033 in
433 2009 519 2034 eam
532 2005 696 2048 partem,
712 2009 830 2048 quam
845 1996 930 2034 vult
943 1997 990 2043 is,
1004 1995 1072 2046 qui
1087 1995 1210 2033 dixit:

86 2056 132 2086 ut
164 2049 212 2087 de
240 2063 284 2087 eo
314 2050 346 2087 si
375 2050 491 2098 dicas,
524 2051 593 2102 qui
621 2051 765 2089 multas
790 2050 1029 2088 haereditates
1062 2049 1211 2097 adierit,

89 2106 118 2126 ‘⁶
140 2104 321 2155 Prospice
339 2113 396 2151 tu,
418 2105 487 2156 qui
505 2105 721 2156 plurimum
740 2106 902 2143 cernis.'’

144 2157 258 2197 LIV.
273 2158 478 2210 Ambigua
491 2159 822 2211 quemadmodum
838 2158 994 2197 vitanda
1007 2165 1110 2206 sunt,
1127 2171 1214 2209 quae

86 2213 289 2253 obscuram
307 2213 472 2254 reddunt
497 2214 721 2264 orationem,
749 2214 803 2253 ita
827 2214 909 2254 haec
934 2212 1213 2265 consequenda,
