1456 2396
190 111 270 148 422
352 108 430 148 DE
459 108 710 158 FINIBUS,
740 108 839 148 LIB.
862 108 922 151 II.
950 110 1053 151 CAP.
1071 113 1138 150 35.

190 217 330 256 doloris
343 218 554 270 mortisque
580 217 798 257 contemtio.
824 218 933 270 Ergo
955 219 1037 258 haec
1064 219 1106 257 in
1131 219 1271 259 animis
1287 236 1300 259 ε

188 279 231 309 tu
262 279 391 310 autem
414 272 529 310 etiam
553 273 727 310 membra
750 272 834 323 ipsa
857 285 1065 325 sensusque
1083 273 1300 321 eonsidera;

187 325 255 376 qui
273 325 358 373 tibi,
387 333 432 364 ut
456 326 612 377 reliquae
634 325 798 376 corporis
817 334 953 378 partes,
974 339 1051 365 non
1071 327 1226 366 comites
1242 341 1303 367 so-

184 379 270 417 lum
289 379 490 426 virtutum,
506 380 571 418 sed
589 379 754 417 ministri
771 380 899 426 etiam,
915 380 1157 419 videbuntur.
1177 381 1300 431 Quid,

185 433 219 470 si
237 433 278 470 in
297 433 379 484 ipso
398 446 551 485 corpore
568 433 692 471 multa
711 434 897 485 voluptati
914 434 1169 486 praeponenda
1195 442 1301 483 sunt,

186 493 231 524 ut
250 487 359 533 vires,
373 487 564 535 valetudo,
580 487 770 535 velocitas,
785 488 1029 538 pulchritudo
1047 490 1064 527 ?
1094 488 1202 537 Quid
1215 496 1301 527 tan-

185 540 275 578 dem
293 540 333 578 in
349 541 486 579 animis
505 541 658 579 censes?
687 541 728 579 in
747 542 886 593 quibus
898 542 1106 581 doctissimi
1123 542 1181 580 illi
1200 549 1302 582 vete-

186 607 244 632 res
262 594 383 633 inesse
402 595 586 646 quiddam
605 596 750 633 coeleste
769 604 806 634 et
823 596 998 634 divinum
1015 603 1259 647 putaverunt.

239 648 358 695 Quod
384 649 414 687 si
440 657 535 687 esset
559 649 600 686 in
620 649 813 700 voluptate
837 662 1038 688 summum
1062 651 1209 688 bonum
1237 654 1300 694 (ut

183 701 342 752 dicitis),
364 703 530 765 optabile
556 710 663 748 esset,
689 702 731 741 in
755 703 950 754 voluptate
971 703 1159 751 maxima,
1190 705 1300 743 nullo

181 755 381 794 intervallo
398 757 606 806 interJecto,
627 757 706 795 dies
724 764 925 818 noctesque
941 757 1094 806 versari,
1108 770 1197 796 cum
1215 770 1301 796 om-

180 821 248 847 nes
267 823 397 849 sensus
421 810 620 849 dulcedine
637 811 743 849 omni
757 811 865 862 quasi
883 811 1028 862 perfusi
1044 819 1300 850 moverentur.

180 863 280 910 Quis
307 872 363 902 est
384 873 513 903 autem
538 865 676 915 dignus
703 865 858 902 nomine
882 865 1061 913 hominis,
1084 865 1151 917 qui
1176 878 1300 904 unum

179 917 282 956 diem
310 926 435 957 totum
454 919 545 957 velit
563 932 641 957 esse
659 919 700 956 in
718 919 789 957 isto
807 931 943 970 genere
954 920 1191 970 voluptatis?
1222 918 1303 971 Cy-

181 972 322 1010 renaici
350 972 503 1023 quidem
539 985 615 1011 non
645 981 830 1011 recusant.
874 972 1002 1012 Vestri
1023 973 1105 1012 haec
1119 986 1301 1013 verecun-

181 1025 292 1064 dius:
323 1027 379 1064 illi
398 1026 555 1064 fortasse
577 1027 822 1065 constantius.

233 1079 309 1119 Sed
327 1081 532 1118 lustremus
551 1081 693 1128 animo,
713 1093 791 1118 non
804 1081 873 1119 has
884 1081 1073 1119 maximas
1084 1088 1196 1129 artes,
1211 1082 1300 1133 qui-

179 1134 251 1171 bus
271 1134 338 1185 qui
357 1136 547 1182 carebant,
561 1134 698 1172 inertes
710 1147 732 1172 a
747 1135 956 1184 majoribus
974 1135 1292 1174 nominabantur:

180 1187 248 1225 sed
266 1201 409 1239 quaero,
430 1200 525 1225 num
546 1188 750 1235 existimes,
771 1201 846 1226 non
862 1188 946 1227 dico
966 1190 1199 1234 Homerum,
1219 1190 1297 1228 Ar·-

181 1241 415 1289 chilochum,
447 1242 675 1290 Pindarum,
715 1242 780 1280 sed
811 1242 1006 1291 Phidiam,
1040 1244 1295 1294 Polycletum,

182 1295 347 1343 Zeuxin,
379 1296 427 1334 ad
446 1296 681 1347 voluptatem
710 1303 808 1335 artes
830 1310 916 1335 suas
937 1297 1116 1336 direxisse
1132 1300 1150 1336 ?
1189 1297 1296 1348 Ergo

180 1349 309 1400 opifex
327 1350 415 1401 plus
439 1349 510 1388 sibi
534 1357 719 1401 proponet
740 1350 788 1388 ad
810 1350 1036 1400 formarum,
1066 1363 1184 1403 quam
1204 1351 1296 1390 civis

179 1404 368 1442 excellens
386 1404 434 1442 ad
452 1404 654 1452 factorum,
674 1404 999 1455 pulchritudinem
1012 1408 1030 1444 ?

234 1457 336 1505 Quae
354 1469 484 1496 autem
503 1466 558 1496 est
577 1458 653 1496 alia
672 1471 786 1496 causa
805 1459 938 1497 erroris
957 1459 1067 1508 tanti,
1083 1466 1162 1498 tam
1181 1460 1297 1512 longe

178 1512 330 1563 lateque
341 1512 484 1559 diffusi,
500 1512 572 1550 nisi
586 1512 690 1563 quod
704 1513 750 1560 is,
766 1513 835 1564 qui
848 1513 1084 1564 voluptatem
1095 1526 1295 1552 summum

177 1567 324 1603 bonum
355 1580 432 1605 esse
461 1566 641 1615 decernit,
673 1578 750 1604 non
783 1579 874 1605 cum
898 1566 942 1605 ea
967 1574 1076 1619 parte
1100 1567 1233 1615 animi,
1252 1567 1294 1606 in

177 1620 256 1670 qu&⁴
274 1620 370 1658 inest
389 1620 484 1658 ratio
502 1630 617 1671 atque
642 1620 857 1669 consilium,
878 1621 943 1659 sed
967 1634 1056 1659 cum
1071 1621 1293 1673 cupiditate,

176 1672 218 1710 id
232 1682 300 1721 est,
321 1687 410 1712 cum
425 1674 544 1712 animi
562 1674 753 1712 levissima
766 1682 886 1727 parte,
906 1674 1120 1714 deliberat?
1150 1675 1296 1723 Quaero

178 1727 281 1765 enim
310 1727 357 1766 de
376 1735 439 1766 te:
470 1728 502 1766 si
520 1736 609 1766 sunt
634 1728 703 1766 Dii
727 1730 789 1780 (ut
807 1742 872 1767 vos
885 1728 999 1767 etiam
1024 1728 1202 1780 putatis),
1223 1729 1294 1781 qui

177 1789 337 1832 possunt
354 1795 432 1821 esse
450 1782 564 1831 beati,
591 1795 680 1820 cum
699 1783 911 1834 voluptates
930 1795 1083 1834 corpore
1101 1783 1295 1835 percipere

176 1847 254 1873 non
272 1836 448 1887 possint?
477 1843 544 1874 aut
568 1836 613 1884 si,
641 1836 722 1874 sine
751 1850 795 1875 eo
821 1849 957 1887 genere
975 1837 1196 1887 voluptatis,
1228 1839 1294 1875 be-

174 1889 228 1927 ati
247 1898 350 1939 sunt,
366 1903 434 1929 cur
451 1890 616 1956 similem
627 1890 746 1928 31111111
759 1903 874 1929 usum
892 1890 933 1929 in
952 1890 1120 1942 sapiente
1131 1904 1210 1929 esse
1223 1903 1294 1929 no-

176 1943 288 1982 litis?

203 1997 408 2037 XXXV.
438 1998 544 2050 Lege
561 1998 811 2046 laudationes,
833 1999 1043 2050 Torquate,
1063 2011 1139 2037 non
1159 2010 1292 2036 eorum

173 2051 243 2102 qui
261 2059 351 2089 sunt
370 2054 418 2090 ab
439 2052 611 2091 Homero
633 2053 792 2099 laudati,
816 2066 893 2091 non
919 2053 1025 2104 Cyri,
1055 2064 1131 2090 non
1153 2052 1292 2102 Agesi-

173 2105 240 2153 lai,
270 2117 346 2143 non
374 2106 571 2151 Aristidis,
602 2120 679 2145 non
700 2107 982 2154 Themistoclis,
1003 2119 1079 2145 non
1100 2105 1292 2156 Philippi,

175 2170 252 2196 non
285 2160 501 2198 Alexandri
519 2177 529 2199 ε
566 2162 650 2212 lege
669 2168 901 2206 ‚nostrorum
936 2160 1139 2199 hominum
1154 2174 1166 2204 ς
1209 2160 1293 2211 lege

176 2221 309 2252 vcstrae
330 2213 510 2254 familiae:
542 2215 735 2256 neminem
754 2215 900 2255 videbis
923 2214 976 2253 ita
1004 2214 1221 2263 laudatum,
1246 2220 1293 2251 ut
