1456 2396
278 103 356 141 146
394 102 478 141 AD
508 100 884 150 HERENNIUM,
916 100 1014 139 LIB.
1037 101 1071 139 Ι.
1101 100 1207 140 ΟΑΡ.
1227 101 1265 140 6.

272 219 377 255 tem,
365 224 376 234 ·
407 218 444 249 et
473 211 504 248 si
529 211 734 272 orabimus,
763 216 808 247 ut
837 209 944 247 nobis
973 209 1047 247 sint
1070 208 1238 255 auxilio,
1226 222 1236 232 ·
1266 208 1381 247 simul

272 263 526 310 ostendemus,
558 276 627 302 nos
651 265 690 301 in
715 263 798 301 aliis
816 276 922 314 spem
939 263 1103 301 noluisse
1125 262 1274 300 habere.
1314 263 1382 300 Ab

272 318 570 356 adversariorum
584 317 743 369 persona
759 317 1018 355 benevolentia
1031 316 1256 367 captabitur,
1275 315 1308 354 si
1321 328 1384 353 eos

273 372 313 410 in
333 371 508 419 odium,
497 384 538 408 m
556 371 752 416 invidiam,
773 371 813 408 in
832 370 1123 408 contemtionem
1140 369 1382 408 adducemus-

273 426 324 463 In
342 425 474 462 odium
495 425 697 476 rapiemus,
725 425 756 462 si
774 424 877 476 quod
896 437 1026 462 eorum
1045 437 1190 475 spurce,
1210 425 1382 474 superbe,

272 478 484 529 perfidiose,
505 479 716 526 crudeliter,
733 478 974 525 confidenter,
989 477 1188 524 malitiose,
1203 477 1385 528 flagitiose

272 532 417 571 factum
436 532 679 584 proferemus.
711 533 759 570 In
773 532 955 569 invidiam
970 531 1176 576 trahemus,
1196 530 1227 569 si
1244 531 1337 573 vim,
1354 530 1385 568 si

272 586 495 637 potentiam,
511 586 727 632 factionem,
748 585 911 632 divitias,
931 584 1257 631 incontinentiam,
1276 584 1385 623 nobi-

272 640 434 688 litatem,
450 640 653 686 clientelas,
673 638 896 690 hospitium,
917 639 1167 686 sodalitatem,
1188 638 1387 676 affinitates

273 693 570 732 adversariorum
595 693 841 744 proferemus,
869 700 906 730 et
930 693 990 730 his
1014 691 1243 741 adjumentis
1263 691 1387 742 magis

273 760 391 808 (1113111
410 746 564 785 veritate
589 759 651 784 eos
677 746 861 785 confidere
886 746 1108 797 aperiemus.
1151 746 1201 784 In
1219 753 1386 784 contem-

273 802 415 839 tionem
435 800 679 845 adducemus,
701 801 731 837 si
749 800 937 846 inertiam,
957 800 1164 850 ignaviam,
1187 798 1385 846 (1051(113111,

272 855 466 892 luxuriam
485 853 782 892 adversariorum
801 853 1045 914 proferemus.
1083 853 1152 891 Ab
1171 853 1388 891 auditorum

272 909 433 959 persona
449 907 709 945 benevolentia
728 907 937 957 colligetur,
953 907 984 945 si
1002 920 1060 945 res
1079 919 1211 945 eorum
1228 907 1387 953 fortiter,

273 962 471 1013 sapienter,
488 969 697 1005 mansuete,
713 961 914 1011 magnifice
928 960 1114 1010 judicatas
1127 960 1360 1011 proferemus
1373 973 1386 1005 ς

273 1024 311 1053 et
329 1016 373 1062 si,
394 1028 482 1066 quae
507 1014 554 1052 de
577 1015 623 1051 iis
642 1014 883 1060 existimatio,
904 1027 991 1065 quae
1011 1014 1146 1064 judicii
1163 1014 1390 1065 exspectatio

272 1070 334 1115 sit,
364 1069 585 1120 aperiemus.
615 1068 683 1105 Ab
702 1070 813 1105 rebus
831 1067 922 1118 ipsis
940 1069 1166 1105 benevolum
1186 1067 1390 1106 efficiemus

273 1123 498 1169 auditorem,
527 1121 557 1159 si
582 1129 749 1159 nostram
769 1133 922 1159 causam
939 1121 1130 1159 laudando
1148 1121 1388 1168 extollemus,

273 1176 571 1214 adversariorum
589 1188 656 1225 per
675 1175 966 1212 contemtionem
986 1175 1254 1226 deprimemus.

328 1230 405 1267 VI.
445 1228 635 1278 Deinceps
671 1228 720 1266 de
750 1228 1003 1266 insinuatione
1039 1228 1286 1280 aperiendum
1322 1235 1388 1266 aet.

275 1283 370 1321 Tria
394 1290 482 1320 sunt
506 1290 691 1332 tempora,
712 1282 851 1332 quibus
874 1282 1059 1333 principio
1083 1282 1141 1320 uti
1165 1294 1242 1321 non
1260 1295 1392 1334 possu-

273 1350 375 1383 mus,
405 1349 492 1387 quae
523 1335 720 1386 diligenter
753 1343 841 1373 sunt
873 1335 1163 1374 consideranda:
1203 1344 1271 1374 aut
1302 1348 1391 1374 cum

273 1399 426 1441 turpem
445 1402 597 1427 causam
623 1389 822 1434 habemus,
848 1389 921 1427 hoc
939 1396 1007 1437 aet,
1027 1402 1116 1427 cum
1135 1391 1217 1452 ipsa
1234 1403 1292 1429 1-05
1309 1389 1391 1427 3111-

273 1457 385 1482 11111111
404 1443 583 1481 auditoris
602 1455 624 1479 a
642 1443 750 1480 nobis
769 1443 931 1489 alienat;
962 1451 1029 1481 aut
1047 1456 1135 1482 cum
1154 1444 1305 1482 animus
1323 1456 1391 1481 au-

275 1498 404 1536 ditoris
429 1510 628 1548 persuasus
653 1496 801 1534 videtur
826 1510 903 1535 0550
928 1498 976 1535 ab
1001 1497 1046 1535 iis
1071 1498 1138 1549 qui
1157 1506 1244 1536 ante
1262 1504 1392 1536 contra

274 1551 479 1595 dixerunt,
510 1558 576 1587 aut
606 1563 694 1587 cum
722 1550 887 1588 defessus
917 1558 972 1588 (51
1000 1563 1062 1589 eos
1090 1551 1292 1599 audiendo,
1323 1550 1392 1602 qui

275 1612 363 1643 ante
380 1605 569 1642 dixerunt.
611 1604 652 1641 Si
671 1617 781 1642 causa
800 1603 1074 1656 turpitudinem
1093 1605 1262 1652 habebit,
1283 1617 1392 1643 exor-

273 1659 348 1696 diri
371 1658 578 1709 poterimus
601 1657 662 1695 his
679 1658 911 1696 rationibus:
940 1671 1035 1706 rem,
1065 1671 1141 1697 non
1167 1659 1389 1704 hominem;

274 1720 342 1750 aut
365 1712 574 1772 hominem,
595 1723 671 1749 non
690 1725 785 1759 rem,
813 1712 970 1763 spectari
988 1720 1182 1764 oportere·
1211 1725 1288 1751 non
1306 1712 1390 1764 pla-

273 1778 356 1804 cere
374 1765 510 1803 nobis
500 1766 604 1816 ipsis,
626 1779 712 1816 quae
730 1766 829 1804 faeta
842 1766 1016 1804 dicantur
1034 1768 1081 1804 ab
1100 1766 1333 1813 adversariis,
1353 1772 1391 1804 et

274 1832 351 1857 esse
369 1819 539 1869 indigna,
561 1827 626 1856 aut
644 1819 797 1857 nefaria.
827 1819 992 1867 Deinde,
1012 1832 1101 1858 cum
1115 1820 1182 1858 diu
1195 1833 1278 1858 rem
1295 1831 1391 1858 aux-

273 1873 427 1919 erimus,
447 1873 544 1910 nihil
563 1873 686 1910 simile
704 1886 727 1910 a
744 1873 852 1912 nobis
875 1873 1019 1912 factum
1037 1873 1303 1919 ostendemus,
1324 1880 1391 1911 aut

273 1927 490 1986 aliquorum
506 1926 695 1975 judicium
721 1927 768 1965 de
794 1927 909 1965 simili
927 1927 1054 1974 causa,
1081 1935 1148 1966 aut
1169 1927 1218 1966 de
1240 1903 1388 1974 eadem,

273 1989 341 2018 aut
365 1980 412 2018 de
429 1980 590 2026 minore,
617 1988 684 2018 aut
708 1980 756 2018 de
776 1982 933 2030 majore,
953 1981 1199 2032 proferemus.
1239 1979 1391 2019 Deinde

274 2034 323 2072 ad
340 2041 508 2072 nostram
527 2046 679 2071 causam
698 2034 929 2084 pedetentim
947 2035 1181 2084 accedemus,
1201 2042 1240 2074 et
1257 2034 1390 2073 simili-

272 2088 446 2126 tudinem
466 2087 711 2125 conferemus.
743 2089 843 2126 Item
863 2089 894 2127 si
911 2089 1150 2140 negabimus,
1171 2101 1240 2128 nos
1258 2089 1306 2127 de
1323 2087 1388 2126 ad-

273 2141 456 2188 versariis,
477 2149 544 2178 aut
562 2140 609 2178 de
627 2141 757 2193 aliqua
775 2155 815 2181 re
833 2142 1010 2189 dicmros,
1031 2150 1069 2181 et
1092 2150 1220 2181 tamen
1245 2142 1390 2180 occulte

263 2194 440 2234 -dicemus
454 2194 710 2244 interjectione
729 2197 943 2236 verborum.
973 2196 1014 2236 Si
1029 2209 1229 2248 persuasus
1242 2195 1389 2242 auditor
