1456 2396
293 68 373 115 DE
403 70 658 124 FINIBUS,
688 73 791 114 LIB.
810 72 872 114 11.
902 72 1010 114 CAP.
1034 72 1098 112 15.
1181 74 1266 120 397

127 182 226 232 dixi,
254 190 293 224 et
321 184 577 224 temeritatem
603 183 842 232 reformidat,
868 190 908 223 et
936 195 1015 222 non
1041 183 1158 223 audet
1183 185 1268 223 cui·

128 251 264 291 quam,
276 246 345 278 aut
362 239 465 279 dicto
482 246 660 291 protervo
683 248 751 278 aut
768 239 885 288 facto,
904 251 1064 278 nocere:
1095 247 1268 278 veretur-

129 305 208 345 que
225 293 443 347 quidquam
462 302 532 333 aut
549 294 673 333 facere
691 302 760 333 aut
777 294 901 347 loqui,
924 294 1031 346 quod
1048 307 1190 346 parum
1210 294 1268 333 vi-

128 347 201 387 rile
219 348 407 388 videatur.

182 402 280 442 XV.
307 403 441 443 Habes
459 403 635 457 undique
652 404 846 456 expletam
865 410 903 443 et
921 403 1145 456 perfectam,
1166 403 1269 444 Tor-

126 464 258 510 quate,
278 458 445 498 formam
464 459 688 506 honestatis,
709 472 797 511 quae
823 466 904 498 tota
921 459 982 498 his
1006 467 1173 511 quatuor
1191 460 1270 499 vir-

126 513 291 562 tutibus,
318 527 408 566 quae
432 527 456 552 a
474 521 512 552 te
529 527 686 566 quoque
711 523 1022 553 commemoratae
1045 522 1150 561 sunt,
1177 527 1269 554 con-

126 567 285 607 tinetur.
317 568 448 617 Hanc,
466 581 506 608 se
523 576 614 608 tuus
627 569 822 621 Epicurus
840 569 998 608 omnino
1017 569 1193 621 ignorare
1211 570 1272 608 di-

126 622 193 670 cit,
227 636 349 675 quam
387 632 455 662 aut
499 624 657 676 qualem
690 637 770 662 esse
802 624 936 671 velint,
971 624 1040 676 qui
1071 624 1271 664 honestate

127 690 330 716 summum
351 680 499 717 bonum
518 679 739 718 metiantur.
775 679 817 718 Si
837 679 939 717 enim
960 679 1009 717 ad
1028 679 1268 718 honestatem

127 732 261 772 omnia
278 732 507 783 referantur,
524 746 654 797 neque
673 734 712 772 in
732 735 777 773 eii
797 734 1035 785 voluptatem
1062 734 1191 773 dicant
1210 735 1271 774 in-

128 800 235 833 esse,
257 788 326 838 ait,
347 800 410 828 eos
429 789 535 828 inani
551 802 642 828 voce
661 801 795 828 sonare
814 789 892 830 (his
911 789 1014 827 enim
1033 789 1125 841 ipsis
1145 790 1271 829 verbis

128 843 284 891 utitur),
305 855 431 897 neque
449 844 664 896 intelligere
682 856 808 896 neque
834 843 975 890 videre,
998 846 1069 882 sub
1089 845 1161 883 hac
1180 859 1272 885 voce

128 896 338 938 honestatis
364 912 453 952 quae
483 900 532 938 sit
562 899 801 949 subjicienda
832 898 1029 937 sententia.
1080 899 1135 937 [t
1166 901 1271 939 enim

127 953 368 993 consuetudo
400 954 588 1006 loquitur,
627 954 667 992 id
705 955 831 993 solum
870 953 1011 992 dicitur
1047 953 1270 1004 honestum,

128 1007 236 1061 quod
269 1017 326 1048 est
357 1010 536 1062 populari
569 1009 676 1048 fama
708 1010 946 1061 gloriosum·
934 1038 947 1054 ,
978 1008 1098 1061 quod,
1128 1009 1271 1062 inquit,

128 1075 371 1157 gluamquam
399 1064 663 1117 voluptatibus
682 1064 917 1116 quibusdam
938 1073 993 1102 ωε
1013 1077 1113 1116 saepe
1129 1066 1273 1115 jucun-

159 1117 231 1167 'us,
253 1127 382 1158 tamen
403 1120 597 1172 expetitur
615 1127 771 1172 propter
790 1120 1041 1171 voluptatem.

184 1173 356 1213 Videsne
374 1187 494 1227 quam
522 1175 570 1214 sit
596 1187 740 1227 magna
761 1174 979 1213 dissensio?
1012 1174 1274 1228 Philosophus

128 1228 284 1277 nobilis,
305 1242 329 1267 a
347 1242 426 1282 quo
445 1242 523 1269 non
543 1229 670 1268 solum
691 1230 843 1269 Graecia
861 1238 898 1268 et
921 1229 1050 1277 Italia,
1070 1230 1137 1269 sed
1156 1231 1273 1270 etiam

129 1283 259 1323 omnis
284 1285 463 1324 barbaria
488 1293 683 1324 commota
708 1294 779 1334 est,
806 1285 1012 1324 honestum
1039 1285 1135 1337 quid
1159 1286 1221 1333 sit,
1243 1286 1275 1325 si

130 1338 173 1378 id
204 1351 282 1379 non
313 1346 370 1379 est
398 1340 438 1379 in
471 1341 683 1393 voluptate,
716 1348 832 1393 negat
860 1353 900 1379 se
929 1340 1168 1392 intelligere3
1202 1341 1275 1380 nisi

130 1393 231 1434 sorte
248 1394 363 1443 illud,
384 1395 490 1448 quod
509 1396 773 1435 multitudinis
793 1408 946 1434 rumore
963 1395 1155 1434 laudetur.
1187 1396 1276 1449 Ego

130 1457 264 1489 autem
279 1449 352 1490 hoe
370 1451 488 1490 etiam
507 1458 620 1503 turpe
636 1465 716 1491 esse
731 1464 831 1503 saepe
842 1450 975 1501 judico
989 1464 1001 1496 ς
1032 1458 1085 1497 et,
1101 1451 1134 1489 si
1149 1464 1276 1503 quan-

133 1503 185 1544 do
205 1514 318 1558 turpe
335 1517 412 1544 non
433 1506 498 1552 sit,
518 1513 649 1545 tamen
666 1519 742 1546 non
757 1520 837 1545 esse
850 1518 926 1544 non
943 1513 1070 1558 turpe,
1087 1519 1177 1544 cum
1193 1506 1232 1544 id
1252 1520 1277 1546 a

131 1560 385 1599 multitudine
410 1561 602 1600 laudetur.
645 1561 765 1611 Quod
784 1561 815 1600 si
835 1561 882 1600 sit
902 1561 1030 1613 ipsum
1050 1574 1118 1613 per
1137 1575 1176 1600 se
1196 1575 1276 1601 rec-

131 1620 218 1654 tum
234 1623 351 1668 atque
365 1616 575 1663 laudabile,
591 1629 668 1655 non
689 1619 738 1656 ob
758 1630 843 1655 eam
859 1629 1015 1655 causam
1031 1625 1161 1655 tamen
1177 1616 1276 1655 illud

130 1669 207 1709 dici
227 1670 433 1711 honestum
454 1685 547 1718 esse,
576 1672 669 1724 quia
688 1672 868 1711 laudetur
886 1685 910 1709 a
927 1672 1077 1719 multis,
1098 1671 1164 1710 sed
1184 1672 1278 1724 quia

131 1725 209 1764 tale
234 1725 296 1774 sit,
323 1735 368 1765 ut
395 1727 473 1770 (vel
500 1727 532 1765 si
558 1727 779 1779 ignorarent
798 1727 837 1766 id
857 1727 1049 1775 homines,
1076 1727 1137 1766 vel
1157 1727 1188 1765 si
1207 1728 1277 1765 ob-

131 1780 382 1829 mutuissent)
413 1782 485 1821 suin
515 1790 645 1822 tamen
677 1781 966 1835 pulchritudine
996 1789 1106 1829 oeset,
1134 1782 1277 1834 specie-

131 1848 224 1888 que,
253 1836 460 1876 laudabile.
505 1838 645 1900 Itaque
663 1838 782 1886 idem,
804 1837 945 1876 natura
966 1837 1103 1883 victus,
1126 1837 1188 1876 cui
1207 1839 1278 1876 ob-

131 1890 215 1930 sisti
241 1903 319 1930 non
350 1899 488 1944 potest,
516 1892 609 1932 dicit
639 1894 715 1932 alio
743 1894 827 1933 loco
854 1893 908 1940 id,
936 1892 1040 1945 quod
1060 1906 1084 1930 a
1103 1900 1139 1931 te
1158 1892 1276 1931 etiam

132 1945 252 1998 paulo
277 1954 367 1985 ante
390 1947 540 1987 dictum
561 1957 631 1997 est,
653 1961 730 1987 non
750 1962 860 2002 posse
883 1947 1056 1998 jucunde
1079 1947 1171 1993 vivi,
1203 1947 1278 1986 nisi

132 2000 251 2040 etiam
284 2000 455 2042 honeste.
503 2003 615 2052 Quid
647 2016 767 2052 nunc,
811 2007 840 2027 ‘⁸
863 2004 1031 2049 honeste,
1036 2002 1061 2019 ”
1101 2002 1243 2041 dicitur
1257 2003 1276 2041 ἲ

132 2055 305 2118 idemne,
333 2057 439 2109 quod
459 2060 677 2110 “jucunde
689 2059 740 2098 ?”
771 2071 862 2111 ergo
881 2058 950 2105 ita,
980 2070 1058 2096 non
1078 2070 1189 2109 posse
1207 2056 1279 2095 ho-

130 2117 239 2150 neste
270 2111 362 2159 vivi,
392 2112 467 2152 nisi
485 2113 644 2153 honoete
675 2113 840 2153 vivatur.
870 2113 956 2160 An,
992 2112 1065 2150 nisi
1097 2112 1278 2174 populari

131 2163 239 2205 fama
253 2167 272 2206 Ρ
312 2166 405 2206 Sine
442 2167 489 2207 ὠ,
520 2168 641 2221 igitur
669 2168 842 2232 jucunde
874 2175 991 2220 negat
1012 2180 1133 2230 posse
1165 2166 1277 2206 vivi?

131 2219 244 2271 Quid
261 2221 430 2274 turpius,
460 2235 582 2275 quam
601 2224 783 2278 sapientis
802 2223 922 2264 vitam
942 2235 992 2261 ex
1010 2221 1277 2275 insipientium

190 2276 383 2327 (Philos.)
404 2288 511 2318 vo1..
536 2289 588 2317 11.
921 2279 946 2317 ‘2
966 2289 1001 2317 »ι
