1456 2396
430 85 664 134 TOPICA,
685 85 791 126 CAP.
816 86 878 125 10.
1163 81 1213 121 81

92 189 164 229 tibi
181 197 272 230 nota
290 190 366 230 sint
381 204 393 237 ;
424 191 492 231 ubi
510 199 641 231 autem
660 191 720 231 his
739 198 860 241 utare,
881 189 1109 243 quaestiones
1126 189 1221 242 ipsae

93 251 132 284 te
149 246 424 284 admonebunt.

148 300 250 339 Sunt
267 300 372 338 enim
391 300 676 350 similitudines,
698 314 785 353 quae
798 313 846 338 ex
857 300 1034 352 pluribus
1049 298 1221 339 coHatio-

93 353 210 392 nibus
233 354 463 406 perveniunt
488 369 566 407 quo
592 356 742 403 volunt,
762 355 835 393 hoc
862 355 1002 393 modo:
1048 355 1090 393 Si
1117 360 1221 392 tutor

92 408 210 447 fidem
228 416 407 460 praestare
425 409 551 457 debet,
573 410 605 448 si
631 410 767 457 socius,
794 409 839 457 si,
861 409 923 447 cui
941 409 1151 456 mandaris,
1174 407 1220 456 si,

94 462 163 514 qui
198 462 381 502 fiduciam
417 464 628 516 acceperit·
616 493 628 510 ‚
677 464 790 502 debet
827 463 943 502 etiam
985 470 1220 523 procurator.

95 516 207 561 Haec,
227 530 277 555 ex
295 518 472 569 pluribus
486 518 708 570 perveniens
727 531 805 570 quo
820 518 917 566 vult,
933 516 1173 569 appellatur
1163 529 1224 554 m-

95 571 239 620 ductio,
269 585 357 623 quae
383 572 517 611 Graece
544 580 727 620 Επαγωγη
754 571 1005 618 nominatur3
1037 585 1116 624 qua
1134 571 1224 623 plu-

95 625 242 663 rimum
261 634 317 664 est
334 640 427 665 usus
446 627 487 665 in
507 627 746 666 sermonibus
766 627 950 666 Socrates.

149 680 335 719 Alterum
363 681 625 720 similitudinis
652 694 774 732 genus
810 681 1011 719 collatione
1044 679 1224 728 sumitur,

95 747 187 774 cum
206 747 285 773 una
302 748 361 774 res
380 736 463 785 uni,
483 749 554 787 par
570 736 669 788 pari,
697 743 954 786 comparatur,
982 735 1055 774 hoc
1080 734 1225 773 modo:

96 789 457 852 Quemadmodum,
467 791 499 830 si
509 791 551 828 in
562 793 658 829 urbe
673 790 720 828 de
734 790 876 828 finibus
891 789 1143 828 controversia
1155 796 1225 835 est,

97 844 190 895 quia
207 844 302 882 fines
321 844 446 895 magis
464 858 646 896 agrorum
665 844 844 883 videntur
863 857 955 893 esse,
971 857 1092 895 quam
1103 843 1225 891 urbis,

97 898 241 936 finibus
260 899 436 950 regendis
455 899 607 951 adigere
626 899 816 938 arbitrum
835 911 912 937 non
932 898 1076 950 possis:
1108 898 1174 945 sic,
1195 897 1228 936 si

95 965 200 1004 aqua
217 953 351 1005 pluvia
372 953 413 991 in
437 956 532 992 urbe
556 961 681 1003 nocet,
702 954 886 1005 quoniam
913 966 971 991 res
997 960 1077 991 tota
1102 952 1228 1003 magis

98 1020 279 1058 agrorum
299 1014 369 1057 est,
389 1021 502 1060 aquae
519 1008 662 1061 pluviae
681 1008 853 1048 arcendae
872 1007 1024 1059 adigere
1042 1019 1120 1047 non
1138 1019 1228 1059 pos-

98 1061 149 1101 sis
168 1062 368 1101 arbitrum.

152 1115 219 1154 Ex
245 1116 379 1156 eodem
407 1117 671 1156 similitudinis
698 1118 781 1157 loeo
809 1117 926 1156 etiam
957 1116 1136 1168 exempla
1163 1129 1227 1154 su-

96 1178 273 1233 muntur,
300 1179 346 1210 ut
372 1171 560 1211 Crassus
549 1185 590 1211 1n
611 1172 782 1211 Curiana
801 1185 916 1211 causa
935 1171 1122 1223 exemplis
1140 1171 1229 1222 plu-

98 1225 207 1264 rimis
227 1239 318 1264 usus
338 1234 407 1276 est,
453 1240 546 1266 oens
564 1227 613 1266 de
631 1240 690 1275 eo,
712 1227 780 1279 qui
803 1234 1029 1265 testamento
1045 1226 1097 1265 sic
1108 1226 1228 1264 haere-

99 1279 190 1318 dem
218 1280 456 1329 instituisset,
481 1289 540 1329 ut,
571 1282 602 1320 si
632 1281 735 1320 filius
763 1289 876 1320 natus
902 1287 998 1319 esset
1024 1280 1066 1318 in
1095 1280 1228 1319 decem

99 1335 341 1381 mensibus,'
330 1348 439 1387 isque
457 1343 633 1374 mortuus
651 1336 758 1387 prius
783 1348 904 1388 quam
922 1335 963 1373 in
989 1347 1100 1373 suam
1129 1342 1230 1373 tute-

98 1389 180 1427 lam
199 1389 386 1435 venisset3
417 1390 606 1429 secundus
620 1390 739 1429 haeres
753 1389 1015 1428 haereditatem
1030 1389 1229 1427 obtineret.

101 1442 204 1491 Quae
223 1445 535 1483 commemoratio
555 1445 821 1496 exemplorum
842 1444 990 1490 valuit;
1020 1443 1142 1495 eeque
1165 1457 1232 1483 vos

100 1497 142 1536 in
160 1498 424 1549 respondendo
442 1499 501 1537 uti
518 1500 690 1537 multum
709 1499 848 1537 soletis.

155 1552 266 1591 Ficta
298 1553 415 1591 etiam
445 1554 624 1605 exempla
653 1552 916 1592 similitudinis
943 1552 1088 1591 habent
1120 1551 1201 1590 vim
1217 1567 1228 1591 ε

100 1607 168 1646 sed
182 1620 227 1646 ea
240 1608 405 1646 oratoria
418 1608 542 1659 magis
558 1615 662 1656 sunt,
678 1620 798 1659 quam
811 1614 959 1653 vestra3
990 1620 1232 1658 quamquam

101 1662 160 1701 uti
179 1662 294 1701 etiam
313 1675 379 1701 vos
399 1663 540 1711 soletis,
557 1662 623 1701 sed
636 1662 709 1701 hoc
728 1662 868 1700 modo:
900 1662 1025 1712 Finge
1040 1661 1233 1713 mancipio

101 1716 271 1768 aliquem
291 1715 439 1755 dedisse
457 1717 511 1765 id,
532 1717 637 1769 quod
655 1716 848 1768 mancipio
867 1716 951 1755 dari
970 1728 1048 1754 non
1077 1723 1202 1766 potest
1218 1731 1229 1755 ε

101 1782 198 1809 num
228 1770 368 1810 idcirco
395 1771 437 1809 id
464 1773 546 1822 ejus
573 1771 722 1809 factum
751 1779 820 1815 est,
851 1771 919 1823 qui
956 1770 1135 1822 accepit?
1164 1778 1234 1809 aut

100 1837 198 1863 num
226 1825 273 1874 is,
295 1825 364 1877 qui
387 1826 580 1877 mancipio
606 1825 725 1874 dedit,
751 1827 800 1864 ob
827 1839 911 1863 eam
931 1838 1013 1863 rem
1033 1838 1072 1862 se
1091 1824 1175 1862 uua
1192 1838 1234 1863 re

101 1879 316 1931 obligavit?
347 1880 398 1918 In
427 1880 501 1918 hoc
528 1893 666 1931 genere
694 1880 906 1918 oratoribus
935 1887 972 1918 et
995 1879 1233 1931 philosophis

101 1946 322 1972 concessum
342 1942 411 1981 est,
433 1943 478 1974 ut
495 1942 606 1973 muta
624 1934 739 1972 etiam
768 1935 991 1986 loquantur,
1019 1941 1064 1971 ut
1088 1934 1234 1971 mortui

101 1989 151 2026 ab
169 1988 301 2027 inferis
330 1989 558 2037 excitentur,
589 1996 656 2027 aut
685 1989 846 2040 aliquid,
879 1988 983 2040 quod
1012 1987 1095 2026 fieri
1122 1988 1232 2026 nuHo

101 2042 217 2081 modo
235 2043 368 2094 possit,
388 2043 575 2095 augendae
594 2043 648 2081 rei
667 2044 805 2094 gratia,
826 2043 988 2090 dicatur,
1014 2049 1082 2080 aut
1101 2041 1233 2079 minu-

102 2096 224 2145 endae,
245 2110 333 2148 quae
351 2097 561 2149 hyperbole
575 2098 728 2143 dicitur,
743 2105 781 2136 et
793 2097 920 2136 multa
933 2095 1126 2135 mirabilia
1141 2096 1229 2134 aha.

101 2150 178 2192 Sed
197 2151 308 2192 latior
327 2159 383 2191 est
402 2165 562 2205 campus
581 2152 749 2191 illorum.
779 2151 939 2191 Eisdem
959 2158 1088 2190 tamen
1107 2162 1155 2188 ex
1175 2150 1233 2189 lo-
