1456 2396
248 94 735 138 ACADEMICORUM
761 95 862 134 LIB.
880 96 939 136 II.
960 96 1066 136 CAP.
1080 97 1146 137 30.
1193 101 1273 139 325

143 205 311 254 mentiri,
331 218 544 256 verumque
562 203 680 241 dicis:
705 203 880 241 mentiris
898 203 1027 253 igitur.
1063 205 1147 252 Qui
1165 216 1273 258 pot&

143 260 244 298 hanc
266 272 344 297 non
370 261 546 310 probare,
574 270 665 295 cum
690 256 910 308 probaveris
936 258 1108 306 ejusdem
1126 263 1276 310 generis

143 313 410 364 superiorem?

197 367 295 405 Haec
315 366 554 418 Chrysippea
575 372 680 411 sunt,
708 378 757 403 ne
783 366 831 403 ab
857 365 940 416 ipso
969 365 1128 417 quidem
1154 368 1273 407 disso-

141 422 236 459 luta.
277 421 387 469 Quid
406 421 508 459 0111111
528 420 667 458 faceret
686 419 777 457 huic
797 420 1061 459 conclusioni?
1097 422 1139 460 Si
1157 423 1273 470 lucet,

142 475 407 514 lueet21ucet
432 482 587 513 autem.
622 474 725 512 lucet
748 473 878 524 igitur.
921 474 1081 512 Cederet
1106 477 1271 516 scilicet:

142 530 227 582 ipsa
252 529 356 568 enim
378 530 476 568 ratio
505 528 681 575 connexi,
714 541 803 566 cum
834 529 1056 567 concesseris
1070 530 1272 582 superius,

143 584 243 636 cogit
261 584 422 622 inferius
441 583 654 622 concedere.
694 581 803 630 Quid
822 595 911 633 ergo
930 582 1011 620 haec
1030 585 1078 621 ab
1097 584 1165 623 illa
1185 599 1276 625 con-

141 639 311 677 elusione
329 638 479 677 differt.
469 641 486 665 ‘³
522 638 564 676 Si
581 637 769 685 mentiris,
790 636 987 674 mentiris:
1013 639 1186 678 mentiris
1205 655 1275 679 au-

141 700 243 731 10111.
271 693 445 732 mentiris
463 693 592 744 igitur.
623 691 712 729 Hoc
730 704 847 742 negas
866 698 904 728 te
922 703 1030 751 posse
1050 704 1118 731 nec
1138 707 1276 746 appro-

141 749 234 786 bare
252 761 321 786 nec
339 748 568 809 improbare.
600 745 741 796 Qui'r.o
702 753 821 783 entur
839 745 963 796 magis
982 745 1108 785 illud?
1139 749 1179 786 Si
1199 763 1273 798 ars,

143 802 175 840 si
204 802 314 850 ratio,
346 802 378 840 51
408 802 483 849 via,
517 801 548 840 si
577 801 634 839 vis
664 800 831 852 denique
862 799 1115 839 conclusionis
1144 804 1273 851 xalet;

144 856 278 895 eadem
297 864 354 894 est
371 857 412 894 in
430 865 606 908 utroque.

196 911 272 949 Sed
290 911 363 949 hoc
383 919 600 949 extremum
624 922 757 948 eorum
784 916 850 948 est.
893 910 1110 959 Postulant,
1138 921 1183 951 ut
1210 927 1276 952 ex-

142 965 332 1017 cipiantur
346 965 427 1004 haec
441 964 736 1017 inexplicabilia.
765 964 990 1003 Tribunum
1002 966 1171 1018 aliquem
1187 981 1275 1006 cen-

143 1033 205 1058 seo
225 1020 387 1058 adeant:
418 1033 441 1058 a
458 1033 523 1058 me
547 1020 661 1057 istam
689 1019 952 1070 exceptionem
978 1032 1181 1072 nunquam
1199 1022 1274 1060 im-

142 1076 362 1126 petrabunt.
392 1074 566 1120 Etenim,
587 1087 676 1112 cum
696 1075 744 1112 ab
766 1073 936 1125 Epicuro
957 1075 1041 1125 (qui
1056 1084 1176 1114 totam
1193 1077 1275 1115 dia-

141 1129 316 1168 lecticam
341 1137 379 1167 et
408 1129 618 1168 contemnit
649 1136 686 1166 et
710 1127 857 1174 irridet)
882 1141 959 1166 non
985 1129 1205 1181 impetrent,
1231 1140 1276 1170 ut

141 1197 276 1222 verum
302 1196 381 1222 esse
407 1183 601 1231 concedat,
625 1183 731 1234 quod
755 1183 809 1220 ita
832 1183 1049 1229 effabimur,
1069 1184 1156 1222 Aut
1177 1186 1279 1224 vivet

141 1251 224 1276 cras
251 1238 510 1286 Hermachus,
535 1246 602 1276 aut
639 1250 717 1275 non
744 1237 845 1275 vivet
876 1241 982 1280 (011111
1010 1238 1195 1278 dialectici
1223 1241 1276 1279 sic

143 1300 327 1339 statuant,
349 1306 476 1339 omne,
499 1292 609 1344 quod*
621 1292 675 1330 ita
694 1292 931 1341 disjunctum
951 1293 1013 1338 sit,
1035 1294 1144 1344 quasi
1166 1297 1193 1316 “
1207 1303 1276 1333 aut

142 1347 273 1394 etiam,
303 1355 370 1385 aut
393 1348 514 1395 non,''
542 1359 619 1385 non
645 1346 760 1384 modo
787 1359 921 1384 verum
948 1360 1039 1393 esse,
1068 1348 1134 1385 sed
1161 1349 1277 1388 etiam

143 1402 416 1449 necessarium)
431 1416 442 1447 ;
460 1402 559 1447 vide,
581 1414 699 1452 quam
723 1401 771 1439 sit
790 1410 896 1439 catus
915 1401 961 1448 is,
983 1415 1099 1452 quem
1119 1402 1182 1440 isti
1200 1415 1278 1442 tar-

143 1456 240 1494 dum
258 1464 408 1508 putant.
440 1457 481 1495 Si
501 1456 618 1503 enim,
640 1455 780 1507 inquit,
802 1456 1029 1493 alterutrum
1047 1469 1274 1506 concessero,

140 1510 396 1549 necessarium
416 1524 494 1549 esse
517 1523 666 1549 necesse
693 1510 776 1557 erit,
807 1523 887 1548 eras
914 1510 1183 1549 Hermachum
1211 1522 1278 1552 aut

142 1565 268 1603 vivere
287 1573 355 1603 aut
372 1578 450 1604 non
470 1566 619 1603 vivere:
648 1565 758 1602 nulla
777 1572 907 1602 autem
927 1573 982 1603 est
1000 1564 1040 1602 in
1061 1567 1198 1604 natura
1218 1581 1278 1605 re..

140 1633 230 1658 rum
250 1620 336 1659 talis
355 1620 567 1658 necessitas.
605 1619 708 1658 Cum
728 1619 801 1657 hoc
824 1619 942 1669 igitur
965 1619 1152 1658 dialectici
1176 1634 1276 1672 pug-

141 1681 250 1722 nent,
270 1674 311 1712 id
330 1682 399 1723 est,
420 1674 654 1721 Antiochus,
672 1681 708 1712 et
724 1674 861 1711 Stoici:
889 1681 1008 1711 totam
1025 1674 1128 1712 enim
1145 1677 1278 1715 evertit

143 1729 393 1768 dialecticam.
425 1729 533 1767 Nam
552 1729 584 1767 si
603 1742 623 1767 e
638 1728 834 1767 contrariis
849 1727 1052 1777 disjunctio
1073 1731 1278 1771 (contraria

143 1791 273 1822 autem
300 1797 344 1822 ea
369 1784 467 1832 dico,
496 1796 585 1822 cum
613 1784 777 1821 alterum
800 1782 867 1829 ait,
895 1783 1060 1820 alterum
1088 1792 1219 1835 negat)
1247 1786 1279 1824 si

142 1837 230 1875 talis
249 1838 452 1888 disjunctio
471 1839 568 1876 falsa
585 1845 709 1889 potest
729 1850 822 1885 esse,
842 1837 952 1875 nulla
970 1850 1059 1875 vera
1082 1845 1148 1876 est.
1187 1839 1276 1877 Me-

144 1905 233 1930 cum
253 1905 342 1931 vero
365 1893 461 1945 quid
484 1893 628 1931 habent
652 1892 796 1941 litium,
818 1892 886 1944 qui
911 1891 1083 1943 ipsorum
1109 1892 1277 1946 discipli-

141 1959 235 1984 nam
255 1950 423 1998 sequor?

199 2001 302 2039 Cum
323 2002 469 2053 aliquid
488 2001 714 2052 hujusmodi
732 2001 930 2049 inciderat,
952 2001 1004 2040 sic
1028 2002 1160 2040 ludere
1179 2002 1275 2041 Car-

143 2055 283 2093 neades
303 2057 470 2094 solebat:
503 2057 545 2095 Si
564 2066 663 2095 recte
683 2056 864 2103 conclusi,
886 2064 1019 2094 teneo:
1049 2057 1107 2093 sin
1127 2056 1273 2104 vitiose,

141 2111 291 2148 minam
312 2110 504 2162 Diogenes
523 2111 679 2150 reddet:
711 2113 760 2149 ab
787 2124 831 2149 eo
858 2111 961 2148 enim
989 2111 1116 2149 Stoico
1136 2110 1275 2150 dialec-

141 2165 258 2203 ticam
282 2164 489 2204 didicerat:
519 2166 602 2204 haec
627 2173 758 2204 autem
784 2178 928 2203 merces
957 2173 1036 2203 erat
1061 2164 1275 2204 dialectico-

139 2232 240 2258 rum.
266 2221 415 2271 Sequor
428 2220 547 2271 igitur
563 2234 625 2259 eas
639 2221 734 2271 vias,
750 2233 846 2272 quas
861 2219 977 2258 didici
991 2221 1040 2259 ab
1054 2219 1251 2260 Antiocho
1261 2234 1274 2261 ε

191 2275 382 2326 (ΡΙιὶῖυε.)
403 2286 509 2316 VOL.
531 2286 584 2315 11.
866 2275 891 2312 2
913 2285 940 2313 r
