1456 2396
284 76 775 119 ACADEMICORUM
797 78 897 117 LIB.
914 78 949 118 Ι.
971 79 1078 119 CAP.
1095 81 1134 119 4.
1191 82 1272 121 269

146 188 237 228 dem
266 188 343 226 sint
372 195 442 226 aut
468 187 774 226 Demosthenem
802 187 956 226 imitati.
1002 188 1092 241 Ego
1121 198 1267 239 autem,

146 243 290 287 (dicam
324 242 442 291 enim,
478 250 524 280 ut
555 256 614 280 res
644 249 716 289 est)
744 242 840 280 dum
865 256 929 281 me
963 244 1137 294 ambitio,
1173 246 1268 283 dum

144 297 320 345 honores,
355 297 450 335 dum
483 310 620 343 causae‚
654 296 749 335 dum
782 297 1002 348 reipubh'cae
1034 311 1112 337 non
1145 300 1271 338 solum

144 364 250 399 cura,
280 351 346 390 sed
375 351 554 403 quaedam
581 351 697 389 etiam
722 352 952 402 procuratio,
980 353 1113 391 multis
1139 354 1271 393 officiis

143 405 387 457 implicatum
408 413 445 444 et
463 405 709 444 constrictum
728 408 895 451 tenebat,
922 406 1003 445 haec
1028 407 1176 446 inclusa
1201 408 1271 446 ha-

141 462 310 507 bebam3
341 468 393 508 et,
422 473 472 498 ne
490 460 778 507 obsolescerent,
800 463 1046 506 renovabam,
1071 475 1161 500 cum
1180 462 1270 502 lice-

142 516 224 564 bat,
243 515 418 566 legendo.
449 515 491 553 Ν
493 528 568 553 11110
587 527 689 561 vero,
712 521 749 552 et
762 513 927 552 fortunae
941 516 1165 566 gravissimo
1183 531 1269 568 per-

143 582 275 608 cussus
295 570 467 618 vulnere,
489 577 526 607 et
545 568 873 607 administratione
892 569 1111 621 reipublicae
1129 571 1269 610 libera-

142 630 221 672 tus,
250 623 389 662 doloris
418 624 651 662 medicinam
675 637 697 661 a
722 623 966 675 philosophia
991 633 1105 676 pet03
1137 634 1173 664 et
1201 627 1269 664 otii

141 678 434 717 oblectationem
453 678 553 716 hanc
567 677 877 716 honestissimam
888 678 1031 728 judico.
1062 680 1150 717 Aut
1164 681 1268 719 enim

140 732 232 772 huic
251 733 355 771 aetati
372 733 445 771 hoc
463 733 635 771 maxime
654 740 791 784 aptum
811 740 890 778 est3
922 741 988 771 aut
1011 734 1056 772 iis
1075 736 1203 783 rebus,
1237 735 1268 773 si

141 801 238 839 quas
257 787 392 839 dignas
410 787 525 825 laude
543 787 745 839 gessimus,
764 787 837 825 hoc
857 787 898 825 in
916 788 1051 839 primis
1071 797 1269 827 consenta-

140 854 284 880 neum:
315 849 383 880 aut
408 842 524 880 etiam
543 842 590 880 ad
618 850 765 880 nostros
791 842 889 880 cives
917 842 1144 881 erudiendos
1169 844 1268 882 nihil

139 896 299 935 utilius:
330 903 411 946 aut,
442 896 474 934 si
496 897 578 935 haec
601 897 655 935 ita
675 909 753 934 non
773 904 877 943 sunt,
899 896 997 935 nihil
1015 897 1122 935 ahud
1141 898 1266 946 video,

139 951 245 1003 quod
269 964 381 1003 agere
399 951 602 1003 possimus.
632 952 781 990 Brutus
801 950 958 1002 quidem
979 960 1120 999 noster,
1141 954 1267 991 excel-

137 1005 220 1044 lens
245 1005 353 1045 omni
382 1019 521 1068 genere
545 1006 685 1053 laudis,
718 1005 770 1044 sic
798 1006 1083 1057 philosophiam
1114 1007 1266 1045 Latinis

135 1060 255 1099 literis
273 1061 529 1112 persequitur,
556 1061 655 1099 1111111
673 1068 718 1099 ut
737 1060 873 1098 iisdem
893 1060 940 1098 de
959 1062 1071 1099 rebus
1094 1059 1255 1109 [Graeei
1256 1077 1267 1099 ι

135 1114 324 1154 desideret
336 1116 370 1167 z]
400 1122 437 1154 et
456 1115 633 1154 eamdem
648 1115 806 1167 quidem
827 1115 1055 1153 sententiam
1076 1116 1263 1167 sequitur,

134 1183 255 1221 quam
270 1177 337 1208 tu:
360 1182 453 1208 nam
466 1170 646 1208 Aristum
661 1168 830 1207 Athenis
846 1169 994 1207 audivit
1006 1170 1262 1221 aliquamdiu,

133 1225 245 1274 cujus
264 1232 307 1263 tu
327 1224 485 1263 fratrem
500 1225 756 1263 Antiochum.
788 1224 1057 1271 Quamobrem
1073 1224 1136 1273 da,
1157 1239 1264 1277 quae-

134 1292 190 1328 so,
211 1286 249 1317 te
267 1279 359 1317 huic
378 1279 494 1317 etiam
513 1279 643 1330 generi
661 1279 873 1317 literarum.

187 1333 266 1372 IV.
287 1333 396 1371 Tum
415 1333 495 1382 ille,
513 1335 619 1373 Istuc
633 1333 792 1385 quidem
808 1333 1068 1383 considerabo,
1089 1347 1158 1372 nec
1174 1348 1263 1373 vero

133 1387 215 1426 sine
229 1395 278 1427 te.
309 1388 386 1427 Sed
400 1388 448 1427 de
463 1397 499 1427 te
513 1389 610 1441 ipso,
633 1388 728 1440 quid
743 1396 812 1435 est,
833 1387 975 1440 inquit,
993 1387 1098 1440 quod
1113 1389 1227 1427 audio
1242 1392 1261 1428 ἰ)

133 1442 336 1505 Quanam,
368 1443 546 1495 inquam,
577 1444 626 1481 de
650 1445 722 1482 re?
757 1443 952 1481 Relictam
978 1457 1001 1481 a
1028 1451 1065 1481 te
1095 1451 1262 1482 veterem

128 1498 228 1547 jam,
259 1497 414 1550 inquit3
445 1498 598 1536 tractari
625 1506 754 1536 autem
781 1510 934 1535 novam.
984 1497 1125 1545 Quid?
1156 1511 1260 1549 ergo,

131 1552 309 1604 inquam,
328 1552 527 1592 Antiocho
541 1553 582 1590 id
595 1553 720 1604 magis
734 1552 898 1597 licuerit,
920 1564 987 1590 nos
991 1561 1048 1590 tro
1062 1552 1259 1600 familiari,

128 1606 337 1658 remigrare
355 1607 396 1645 in
415 1607 578 1646 domum
597 1616 765 1646 veterem
784 1620 805 1645 e
823 1619 898 1644 nox
902 1622 938 1653 a,
960 1620 1080 1658 quam
1095 1607 1230 1645 nobis
1221 1620 1262 1645 m

129 1672 273 1700 novam
306 1675 327 1700 e
359 1665 516 1701 vetere?
546 1670 646 1701 certe
674 1662 778 1700 enim
807 1661 1067 1700 recentissima
1095 1675 1261 1713 quaeque

128 1723 220 1754 sunt
238 1724 405 1755 correcta
425 1726 462 1756 et
481 1717 684 1756 emendata
697 1716 892 1754 maxime:
916 1729 1157 1768 quamquam
1171 1721 1261 1754 An-

128 1770 246 1810 tiochi
263 1771 446 1823 magister
472 1771 602 1820 Philo,
629 1784 796 1822 magnus
820 1770 879 1809 vir
905 1773 967 1814 (ut
993 1778 1036 1808 tu
1063 1771 1260 1809 existimas

128 1825 244 1877 ipse),
270 1833 428 1877 negaret
453 1826 494 1864 in
519 1826 641 1875 libris,
664 1825 786 1878 (quod
805 1838 935 1864 coram
961 1824 1078 1863 etiam
1104 1838 1152 1863 ex
1175 1825 1259 1877 ipso

128 1880 398 1929 audiebamus)
418 1880 514 1919 duas
533 1881 767 1920 Academias
793 1893 897 1925 esse3
929 1892 1173 1932 erroremque
1196 1893 1260 1918 eo-

126 1948 232 1985 rum,
262 1935 330 1987 qui
348 1935 403 1973 ita
420 1935 623 1987 putarunt,
644 1935 828 1986 coarguit.
866 1935 953 1982 Est,
974 1934 1115 1986 inquit,
1136 1941 1181 1972 ut
1199 1934 1259 1972 di-

128 1989 206 2029 cis:
239 1989 306 2028 sed
323 1990 499 2041 ignorare
517 1998 554 2029 te
573 2003 652 2037 non
671 1990 848 2040 arbitror,
870 2003 958 2041 quae
978 1996 1109 2027 contra
1124 1989 1258 2027 Philo-

127 2058 219 2084 nem
237 2044 458 2083 Antiochus
476 2045 678 2097 scripserit.

184 2099 316 2138 Immo
334 2112 424 2137 vero
443 2109 480 2138 et
498 2100 584 2149 ista,
606 2108 643 2138 et
662 2107 783 2138 totam
798 2106 965 2138 veterem
984 2097 1256 2145 Academiam,

131 2153 257 2207 [aqua
275 2155 496 2193 absumtam
515 2155 620 2207 diu,]
641 2154 815 2193 renovari
834 2168 857 2192 a
877 2161 927 2201 tc,
957 2153 1031 2191 nisi
1049 2147 1258 2190 molestum

129 2217 200 2263 est,
221 2209 363 2250 velim:
394 2216 432 2250 et
450 2208 581 2260 simul,
601 2209 829 2254 assidamus,
849 2209 1026 2259 inquam,
1048 2207 1080 2247 si
1094 2207 1258 2247 videtur.

801 2265 826 2302 2
847 2275 876 2303 A
905 2264 930 2300 3
