1456 2396
157 62 238 100 228
278 60 362 101 AD
383 61 767 111 HERENNIUM,
787 63 888 102 Lm.
903 63 979 103 IV.
1000 62 1106 102 CAP.
1123 63 1187 103 19.

154 182 224 215 re3
258 178 309 218 et,
341 184 390 210 ex
418 184 462 210 eo
489 171 594 224 quod
620 171 783 210 dubium
807 184 885 210 non
909 179 979 221 est,
1005 171 1158 223 expedit
1179 169 1280 208 fflud

154 224 259 274 quod
285 225 448 264 dubium
468 234 537 274 est,
563 234 609 265 ut
625 234 692 265 aut
710 227 806 265 dilui
823 239 901 265 non
918 226 1051 278 possit,
1069 233 1138 264 aut
1152 225 1278 263 multo

151 277 374 317 difficillime
391 280 520 332 possit.

203 332 324 371 XIX.
355 334 583 373 Membrum
601 335 778 374 orationis
796 335 1009 386 appellatur
1033 347 1090 373 res
1111 332 1275 373 breviter

146 387 320 426 absoluta
351 389 431 427 sine
461 390 576 428 totius
605 390 798 428 sententiae
825 388 1159 450 demonstratione,
1185 401 1274 440 quae

145 439 271 480 denuo
300 443 374 481 alio
403 446 576 482 membro
604 444 782 483 orationis
811 443 1010 495 excipitur,
1032 443 1109 481 hoc
1129 441 1270 480 modo:

147 496 176 516 ‘⁶
191 495 278 533 Et
266 497 420 536 mimico
442 498 658 549 pzroderas'
662 499 741 536 ’id
767 506 821 537 est
845 511 984 545 unum,
1010 496 1115 549 quod
1139 496 1271 548 appel-

144 548 248 587 latur
271 553 514 590 membrum·
550 553 685 591 deinde
711 553 784 591 hoc
811 552 1020 604 excipiatur
1046 557 1194 602 oportet
1220 550 1273 588 ab

144 603 276 653 altero,
299 608 327 628 “
340 605 396 644 Et
413 607 579 645 amicum
596 607 801 646 laedebasss'
833 606 898 645 Ex
917 606 1067 644 duobus
1085 603 1268 643 membris

142 656 225 695 haec
243 661 437 699 exornatio
454 669 577 712 potest
601 669 793 700 constare.
824 661 889 699 sed
908 658 1214 699 commodissima
1230 665 1269 696 et

142 713 421 753 absolutissima
439 724 508 763 est,
535 729 621 767 quae
639 729 686 754 ex
708 717 829 754 tribus
854 723 1013 762 constat,
1039 714 1112 752 hoc
1127 720 1264 765 pacto.

142 766 171 788 “
190 766 246 805 Et
271 768 425 808 inimico
450 770 640 821 proderes,
671 778 707 809 et
735 771 903 808 amicum
927 769 1105 816 laedebas,
1131 775 1170 806 et
1194 766 1266 806 tibi

138 818 212 871 ipsi
229 834 307 860 non
326 825 587 863 consulebas?
617 825 732 872 Item,
755 827 783 847 ‘⁶
798 825 882 862 Nec
896 823 1113 875 reipublicae
1128 834 1264 860 consu-

136 874 256 923 luisti,
276 889 345 916 nec
363 879 493 917 amicis
510 878 700 930 profuisti,
721 891 789 917 nec
806 878 970 916 inimicis
988 876 1166 915 restitisti.
1171 877 1197 894 '’
1220 893 1223 896 ¹

146 960 150 961 γ
189 931 390 970 Articulus
422 933 573 980 dicitur,
607 946 696 971 cum
728 933 879 984 singula
909 933 1024 970 verba
1054 931 1263 970 intervallis

133 983 434 1050 distinguuntur,
455 1000 549 1026 caesa
568 987 748 1035 oratione,
774 987 847 1025 hoc
864 986 1004 1025 modo.
1037 989 1066 1009 ‘⁶
1080 985 1261 1024 Acximo-

132 1038 211 1086 nia,
226 1053 328 1088 voce,
343 1042 467 1103 vultu,
481 1041 709 1080 adversarios
720 1040 1134 1093 perterruisti.”1tem‚
1149 1042 1178 1062 ‘⁶
1193 1040 1262 1078 In-

129 1091 262 1132 imioos
279 1095 467 1141 invidia,
456 1095 619 1145 injuriis,
640 1096 824 1146 potentia,
837 1094 1011 1146 perfidia,
1031 1094 1244 1133 sustulisti)
1247 1095 1260 1112 '

130 1146 238 1185 Inter
255 1148 373 1199 hujus
390 1150 536 1201 generis
562 1158 598 1187 et
622 1150 726 1188 illius
754 1149 953 1201 superioris
981 1148 1260 1187 vehementiam

128 1201 201 1241 hoe
218 1202 385 1251 interest,
413 1204 517 1255 quod
541 1204 640 1241 fflud
666 1204 810 1242 tardius
835 1211 873 1242 et
896 1203 1017 1241 rarius
1042 1202 1159 1251 venit,
1184 1203 1259 1242 hoc

127 1256 293 1295 crebrius
320 1266 356 1296 et
381 1259 536 1296 celerius
559 1259 740 1309 pervenit.
784 1257 957 1309 Itaque
945 1270 987 1295 ln
1011 1257 1079 1295 illo
1103 1269 1255 1308 genere,

128 1324 175 1349 ex
194 1312 401 1351 remotione
419 1312 576 1359 brachii,
594 1321 631 1350 et
650 1312 882 1352 contortione
906 1311 1084 1359 dexterae,
1104 1311 1256 1362 gladius

126 1365 177 1403 ad
195 1378 330 1417 corpus
349 1367 498 1413 afferri3
529 1367 569 1404 in
587 1367 660 1405 hoc
678 1376 822 1416 autem,
835 1368 965 1406 crebro
983 1373 1021 1404 et
1038 1365 1149 1405 celeri
1167 1366 1253 1405 vul-

124 1431 214 1458 nere
231 1433 366 1472 corpus
385 1421 615 1460 consauciari
633 1422 794 1460 videtur.
1174 1440 1178 1443 ·

178 1474 425 1514 Continuatio
444 1484 499 1514 est
513 1476 628 1514 densa
642 1485 679 1514 et
693 1477 888 1515 continens
901 1475 1152 1528 frequentatio
1167 1489 1251 1514 ver-

121 1529 260 1567 borum
291 1543 379 1567 cum
409 1531 645 1568 absolutione
673 1531 957 1569 sententiarum.
1000 1530 1064 1568 Εέι
1095 1538 1251 1569 utemur

121 1584 425 1623 commodissime
450 1585 661 1636 tripertito;
692 1585 733 1622 in
758 1585 956 1632 sententia,
980 1585 1021 1622 in
1046 1585 1246 1633 contrario,

120 1636 161 1674 in
187 1639 436 1677 conclusione.
479 1639 528 1677 In
554 1640 753 1687 sententia,
784 1640 857 1678 hoc
881 1647 1014 1690 pacto:
1049 1641 1076 1661 ‘²
1091 1638 1143 1676 Ei
1167 1651 1246 1678 non

119 1692 289 1730 multum
308 1701 429 1744 potoet
448 1695 577 1732 obesse
595 1694 761 1741 fortuna,
781 1693 851 1746 qui
868 1693 939 1731 sibi
952 1693 1100 1731 firmius
1113 1693 1153 1730 in
1169 1693 1244 1732 vir-

117 1753 199 1784 tute
211 1760 328 1798 quam
339 1748 380 1785 in
392 1761 479 1786 casu
492 1748 712 1799 praesidium
724 1747 960 1787 collocavit.”
980 1748 1030 1786 In
1042 1747 1242 1797 cont-mio,

115 1800 188 1838 hoc
204 1801 344 1839 modo:
377 1804 405 1824 ‘⁶
422 1802 543 1850 Nam,
570 1803 602 1841 si
627 1803 712 1854 quis
738 1802 818 1854 spei
841 1815 919 1840 non
937 1802 1107 1840 multum
1126 1802 1245 1840 collo-

114 1854 209 1893 carit
227 1854 268 1892 in
286 1869 389 1902 casu,
409 1856 504 1908 quid
523 1865 591 1903 est,
612 1857 716 1908 quod
734 1857 769 1896 ei
787 1869 1017 1908 magnopere
1041 1869 1148 1894 casus
1172 1858 1241 1894 ob-

113 1921 192 1947 0550
210 1910 357 1960 possit?
362 1911 386 1928 ’‘
427 1911 476 1948 In
499 1912 750 1959 conclusione,
770 1911 842 1949 hoc
859 1919 994 1962 pacto·
1027 1913 1055 1933 ⁶‘
1071 1909 1190 1958 Quod
1207 1911 1241 1950 si

112 1963 153 2000 in
178 1976 240 2001 eos
265 1965 478 2015 plurimum
504 1965 675 2004 Fortuna
701 1973 838 2017 potest,
867 1965 935 2017 qui
960 1978 1047 2003 suas
1074 1965 1239 2005 rationes

110 2029 242 2056 omnae
260 2018 300 2055 in
319 2032 449 2057 casum
469 2021 734 2065 contulerunt;
765 2033 842 2058 non
868 2028 958 2058 sunt
981 2018 1109 2058 omnia
1132 2031 1236 2057 com-

109 2072 296 2110 mittenda
321 2073 515 2120 Fortunae,
543 2086 590 2112 ne
615 2086 798 2126 magnam
820 2074 934 2112 nimis
952 2075 992 2112 in
1011 2086 1079 2112 nos
1096 2073 1235 2112 habaet

107 2126 433 2166 dominationem-⁹
423 2129 448 2144 ”
488 2130 536 2167 In
567 2129 626 2167 his
651 2129 772 2167 tribus
796 2129 1010 2181 generibus,
1036 2127 1085 2166 ad
1113 2127 1234 2166 conti-

104 2181 297 2222 nuationis
316 2182 394 2222 vim
419 2183 513 2237 adeo
530 2183 783 2236 frequentatio
801 2191 857 2224 est
873 2182 1091 2234 necessaria,
1110 2190 1156 2223 ut
1171 2183 1236 2224 in.
