1456 2396
229 106 306 144 106
381 103 555 143 ORAT.
587 103 1001 152 PARTITIONES,
1032 103 1138 142 CAP.
1158 106 1198 144 9.

221 214 295 252 hoc
313 212 430 251 etiam
448 213 489 250 111
508 212 719 265 praeceptis,
741 220 798 262 ut,
820 213 852 252 si
870 212 1026 265 quando
1039 219 1192 265 tempus
1204 211 1350 274 ipsum,

221 275 292 306 aut
309 280 382 315 res,
402 274 470 306 aut
487 268 606 314 locus,
627 275 695 306 aut
708 267 944 306 interventus
958 267 1136 317 alicujus,
1151 274 1220 305 aut
1232 266 1352 304 inter-

219 322 392 384 pellatio,
408 329 476 360 aut
489 323 538 360 ab
553 321 766 361 adversario
781 322 927 361 dictum
942 322 1114 373 aliquod,
1129 328 1167 360 et
1179 320 1352 359 maxime

219 377 263 415 in
280 376 506 428 perorando,
526 376 673 415 dederit
695 377 931 416 occasionem
955 376 1065 415 nobis
1091 375 1278 428 aliquam,
1305 381 1352 412 ut

220 431 395 469 dicamus
413 430 561 482 aliquid
579 431 629 469 ad
647 438 799 483 tempus
817 439 919 482 apte,
940 444 989 469 ne
1011 430 1348 482 derelinquamus:

219 493 273 532 et,
294 499 382 537 quae
400 498 470 524 suo
482 486 565 524 loco
584 485 631 524 de
650 485 946 537 amplificatione
960 485 1145 533 dicemus,
1161 484 1288 522 multa
1301 495 1351 522 ex

218 539 280 578 his
298 547 480 590 poterunt
497 539 546 577 ad
564 539 841 591 principiorum
859 547 1048 591 praecepta
1065 537 1273 578 transferri.

273 594 353 632 IX.
393 596 538 632 Filius.
579 593 720 642 Quid?
760 594 802 632 in
834 594 1050 632 narratione
1077 607 1165 645 quae
1192 591 1349 631 tandem

217 648 477 687 conservanda
509 651 633 687 sunt?
690 650 828 687 Pater.
867 648 1066 696 Quoniam
1098 646 1265 686 narratio
1295 654 1352 684 est

214 715 346 740 rerum
372 703 588 754 explicatio,
617 709 655 740 et
679 702 856 754 quaedam
883 702 993 753 quasi
1019 701 1124 740 sedes
1143 713 1187 739 ac
1205 699 1348 738 funda-

217 764 396 794 mentum
415 756 689 794 constituendae
708 756 811 802 fidei,
839 769 884 793 ea
909 765 999 793 sunt
1023 755 1065 792 in
1091 754 1137 792 ea
1162 753 1348 793 servanda

215 810 403 857 maxime,
424 822 512 860 quae
531 810 645 847 etiam
661 809 702 846 in
717 809 874 859 reliquis
888 808 966 847 fere
981 808 1132 847 dicendi
1145 808 1343 860 partibus余

215 878 305 916 quae
330 863 472 915 partim
498 870 588 900 sunt
613 862 834 910 necessaria,
863 863 1006 914 partim
1029 862 1267 905 assumtaad
1285 876 1346 901 or-

214 919 403 957 nandum.
445 917 567 965 Nam,
599 924 644 954 ut
674 916 840 955 dilucide
864 917 1190 969 probabiliterque
1215 929 1347 956 narre-

214 986 319 1021 mus,
336 971 590 1010 necessarium
606 978 682 1009 est:
705 971 770 1009 sed
786 969 1068 1024 [assumamus]
1086 972 1202 1010 etiam
1217 971 1347 1010 suavi-

214 1034 347 1065 tatem.
375 1026 497 1077 Ergo,
518 1025 567 1064 ad
587 1025 753 1063 dilucide
770 1025 1021 1074 narrandum,
1043 1026 1176 1064 eadem
1195 1026 1264 1064 1113
1278 1039 1343 1064 511-

213 1081 365 1144 periora
383 1079 600 1132 explicandi
619 1086 655 1117 et
672 1079 891 1118 illustrandi
908 1088 1098 1142 praecepta
1111 1088 1342 1132 repetemus,

214 1137 258 1174 in
289 1135 430 1187 quibus
461 1141 516 1172 est
540 1133 728 1172 brevitas:
764 1147 885 1186 eaque
913 1135 1119 1186 saepissime
1143 1135 1182 1172 in
1210 1147 1343 1173 narra-

212 1191 318 1229 tione
336 1189 529 1236 laudatur,
550 1188 598 1226 de
617 1201 696 1239 qua
715 1201 830 1249 supra
848 1188 996 1227 dictum
1016 1196 1083 1228 est.
1125 1189 1343 1228 Probabilis

212 1252 345 1283 autem
375 1244 459 1291 erit,
487 1242 519 1280 si
548 1242 732 1294 personis,
757 1243 788 1280 si
812 1243 1063 1306 temporibus,
1091 1243 1123 1282 si
1148 1243 1254 1291 locis,
1282 1257 1341 1292 ea,

213 1313 303 1351 quae
327 1299 599 1343 narrabuntur,
627 1297 887 1344 consentient余
917 1297 949 1335 si
975 1299 1162 1350 cujusque
1186 1297 1277 1337 facti
1303 1305 1342 1336 et

212 1353 339 1392 eventi
358 1365 471 1391 causa
489 1358 677 1413 ponetur3
708 1351 740 1390 si
765 1358 901 1390 testata
925 1351 1001 1390 dici
1019 1352 1276 1397 videbuntur余
1307 1352 1341 1391 si

210 1421 303 1448 cum
330 1407 534 1445 hominum
563 1406 755 1457 opinione,
785 1406 1021 1453 auctoritate,
1051 1407 1083 1445 si
1115 1420 1206 1446 cum
1237 1407 1337 1459 lege,

210 1475 302 1501 cum
321 1474 441 1509 more,
458 1473 548 1499 curn
567 1460 749 1511 religione
768 1462 992 1510 conjuncta3
1017 1460 1049 1499 si
1067 1462 1236 1513 probitas
1250 1474 1340 1500 nar-

208 1516 329 1555 rantis
349 1514 636 1566 significabitur,
658 1515 689 1553 si
708 1515 945 1567 antiquitatis
970 1516 1169 1563 memoria,
1197 1516 1229 1554 si
1253 1529 1339 1555 ora-

207 1571 322 1609 tionis
348 1569 498 1616 veritas,
528 1576 565 1607 et
592 1569 680 1606 vitae
708 1568 812 1607 fides.
853 1569 990 1608 Suavis
1015 1577 1146 1608 autem
1171 1571 1339 1609 narratio

208 1631 280 1673 est,
306 1637 393 1676 quae
420 1623 537 1661 habet
562 1623 844 1672 admirationes,
872 1624 1182 1675 exspectationes,
1210 1625 1337 1664 exitus

209 1679 440 1731 inopinatOS,
467 1678 707 1728 interpositos
731 1685 859 1716 motus
884 1678 1116 1725 animorum,
1146 1679 1337 1731 colloquia

208 1745 474 1784 personarum,
496 1732 656 1780 dolores,
678 1732 905 1779 iracundias,
926 1740 1066 1781 metus,
1086 1733 1250 1783 laetitias,
1267 1746 1335 1772 cu-

208 1787 400 1840 piditates.
431 1786 506 1825 Sed
522 1786 604 1835 jam
624 1786 673 1823 ad
691 1786 839 1838 reliqua
857 1799 1074 1838 pergamus.

263 1843 409 1880 Filius.
440 1841 594 1891 Nempe
620 1853 664 1877 ea
690 1848 915 1891 sequuntur,
937 1854 1024 1892 quae
1045 1841 1095 1879 ad
1117 1840 1331 1880 faciean

206 1895 325 1933 fidem
352 1895 555 1946 pertinent.
614 1895 750 1932 Pater.
787 1895 849 1932 Ita
877 1903 956 1933 est:
992 1909 1079 1946 quae
1106 1896 1263 1947 quidem
1291 1897 1332 1934 in

207 1949 536 1988 confirmationem
551 1954 588 1986 et
602 1948 931 1999 reprehensionem
946 1949 1192 1988 dividuntur.
1206 1951 1329 1999 Nam,

205 2003 248 2041 in
267 2003 541 2049 confirmando,
570 2009 697 2040 nostra
721 2004 881 2065 probare
907 2004 1110 2049 volumus3
1141 2004 1179 2042 in
1203 2017 1331 2066 repre-

204 2057 421 2105 hendendo,
460 2058 685 2107 redarguere
721 2058 919 2095 contraria.
976 2033 1174 2105 Quoniam
1210 2058 1330 2110 igitur

203 2124 332 2161 omne,
353 2111 487 2164 quod
476 2123 517 2149 m
535 2110 828 2149 controversiam
847 2112 963 2158 venit,
984 2112 1025 2150 id
1043 2121 1110 2150 aut
1129 2113 1190 2161 sit,
1210 2125 1330 2151 necne

203 2166 266 2214 sit,
287 2172 355 2205 aut
371 2165 466 2218 quid
485 2165 546 2213 sit,
574 2172 642 2202 aut
667 2165 781 2216 quale
806 2165 867 2214 sit,
895 2166 1104 2218 quaeritur余
1134 2167 1174 2205 in
1199 2166 1327 2218 primo

200 2221 416 2271 conjectura
434 2220 549 2269 valet,
569 2219 610 2258 in
628 2219 748 2258 altero
766 2219 951 2271 definitio,
972 2220 1012 2260 in
1032 2221 1143 2261 tertio
1160 2221 1268 2261 ratio.

1444 1765 1453 2028 f

1436 2029 1456 2396 l
