1456 2396
185 110 268 150 AD
296 111 786 162 HERENNIUM,L113.
804 111 1039 151 11.CA1›.2.
1090 109 1164 147 159

61 222 98 256 et
115 217 367 258 confutatione
385 220 588 259 dicendum
605 220 702 259 fuit.
741 233 898 272 quareo
875 232 1011 258 venera
1028 215 1165 256 consti-

62 271 251 310 tutionum
269 280 306 310 et
323 287 454 312 earum
472 282 596 325 partes
614 275 855 335 aperuimus:
886 287 933 311 ex
953 285 1029 324 quo
1049 270 1163 309 simul

60 325 336 387 ostendebatur,
353 328 545 394 quomodo
561 328 865 366 constitutionem
880 335 916 365 et
934 334 1058 377 partes
1076 336 1166 362 con-

61 378 276 429 stitutionis,
297 394 410 419 causa
430 382 567 432 posita,
594 382 748 433 reperiri
773 389 968 433 oporteret.
1015 377 1167 416 Deinde

61 431 272 482 docuimus,
289 435 562 484 judicationem
581 435 907 487 quemadmodum
934 433 1062 495 quaeri
1078 444 1167 470 con-

62 485 232 524 veniret.
263 501 340 538 qua.
357 489 525 537 inventa,
546 489 771 537 curandum,
791 496 836 527 ut
853 489 976 526 omnis
994 487 1089 524 ratio
1111 493 1170 522 to·-

63 538 139 576 tius
160 540 337 579 orationis
359 543 408 580 ad
430 556 515 581 eam
542 543 765 581 conferatur.
808 543 946 580 Postea
969 538 1170 579 admonui-

63 604 165 653 muS,
185 607 263 632 esse
281 608 409 635 causas
428 597 654 658 complures,
686 597 826 649 quibus
843 596 970 647 plures
989 593 1170 632 constitu-

64 645 184 685 tiones
201 655 269 686 aut
287 657 411 700 partes
429 651 740 689 constitutionum
759 649 1143 688 accommodarentur.

119 700 177 738 Il.
207 702 419 762 Reliquum
449 704 646 742 videbatur
676 717 767 752 esse,
800 711 845 741 ut
876 702 1172 745 ostenderemus,

66 767 153 806 quae
169 755 264 794 ratio
281 766 407 808 posset
424 758 656 797 inventiones
675 758 724 796 ad
747 768 1062 808 unamquamque
1087 766 1175 792 con-

67 807 301 848 stitutionem
320 818 387 848 aut
404 819 551 862 partem
570 812 846 850 constitutionis
865 808 1173 849 accommodare.

69 868 106 900 et
128 862 220 900 item
243 877 338 915 quas
363 866 707 926 argumentationes
734 869 846 917 (quas
872 864 997 903 Graeci
1028 867 1178 913 Επιχει·

68 930 215 965 ρηματα
234 919 443 969 appellant)
458 919 578 970 sequi,
600 927 637 957 et
655 933 749 971 quas
772 918 945 970 [vitared
966 923 1174 969 oporteret.

68 981 231 1019 quorum
261 979 469 1024 utrumque
503 973 665 1024 pertinet
695 973 744 1011 ad
781 972 1105 1011 confirmationem
1142 975 1180 1007 et

68 1022 376 1064 confutationem.
424 1026 575 1065 Deinde
611 1027 660 1065 ad
696 1034 908 1065 extremum
944 1024 1176 1069 docebimus,

68 1077 281 1125 cujusmodi
306 1081 608 1119 conclusionibus
644 1081 858 1118 orationum
890 1080 947 1117 uti
978 1084 1178 1140 oporteat:

69 1131 136 1181 qui
153 1131 258 1171 locus
277 1141 356 1171 erat
374 1141 565 1172 extremus
583 1134 630 1172 de
648 1148 714 1173 sex
732 1135 903 1186 partibus
920 1133 1110 1172 orationis.

125 1185 303 1224 Primum
329 1201 417 1239 ergo
443 1201 672 1239 quaeremus,
692 1187 1018 1249 quemadmodum
1044 1198 1182 1238 quam-

72 1250 147 1288 que
166 1251 318 1278 causam
333 1242 483 1279 tractari
494 1242 718 1280 conveniat·
749 1249 785 1280 et
795 1242 980 1279 nimirum
992 1242 1183 1290 conjectu-

72 1292 206 1341 ralem,
227 1307 314 1345 quae
331 1295 457 1346 prima
475 1303 511 1334 et
522 1296 745 1334 difficillima
757 1303 825 1343 est,
840 1296 1082 1347 potissimum
1095 1305 1185 1332 con-

72 1345 290 1387 sideremus.
337 1349 387 1386 In
405 1362 518 1387 causa
537 1343 792 1399 conjecturali,
812 1349 977 1387 narratio
996 1354 1186 1386 accusato-

72 1399 124 1438 ris
142 1402 370 1452 suspiciones
387 1403 600 1453 interjectas
625 1411 661 1441 et
686 1403 870 1455 dispersas
894 1403 1033 1441 habere
1057 1402 1184 1447 debet,

73 1461 119 1492 ut
145 1455 243 1493 nihil
268 1463 411 1505 actum,
431 1457 528 1495 nihil
546 1457 706 1506 dictum,
732 1469 925 1508 nusquam
943 1463 1101 1495 ventum
1121 1461 1188 1493 aut

75 1508 239 1558 abitum,
270 1510 367 1548 nihil
395 1511 558 1562 denique
584 1511 743 1560 factum,
773 1511 852 1549 sine
880 1524 994 1548 causa
1020 1515 1186 1569 putetur.

76 1561 296 1601 Defensoris
321 1565 485 1603 narratio
509 1565 721 1616 simplicem
745 1571 782 1603 et
805 1564 1015 1603 dilucidam
1040 1562 1190 1615 exposi-

76 1616 221 1655 tionem
248 1617 359 1656 debet
383 1618 535 1667 habere,
560 1632 650 1657 cum
674 1619 929 1657 attenuatione
955 1616 1188 1669 suspicionis.

79 1670 211 1721 Hujus
226 1672 502 1711 constitutionis
515 1673 610 1711 ratio
621 1673 662 1710 in
677 1686 742 1710 sex
755 1679 883 1724 partes
898 1679 952 1711 est
966 1671 1189 1710 distributa·
1177 1699 1189 1716 ,

78 1725 288 1786 probabile,
316 1726 570 1775 collationem,
597 1727 765 1778 signum,
794 1733 1079 1778 argumentum,
1104 1737 1193 1763 con-

81 1779 325 1829 secutionem,
349 1781 673 1842 approbationem.
722 1781 878 1818 Horum
899 1778 1195 1831 unumquidque

82 1832 177 1883 quid
193 1834 330 1883 valeat,
350 1834 574 1885 aperiemus.
604 1835 807 1873 Probabile
826 1842 894 1882 est,
910 1848 978 1885 per
992 1833 1095 1885 quod
1108 1845 1196 1884 pro-

85 1887 211 1935 batur,
231 1888 427 1939 expedisse
446 1901 509 1926 reo
527 1901 695 1940 peccare,
715 1896 753 1926 et
771 1902 794 1926 a
818 1888 934 1926 simili
959 1886 1197 1938 turpitudine

83 1938 279 1979 hominem
297 1954 498 1993 nunquam
517 1942 693 1981 abfuisse.
741 1942 790 1980 Id
801 1941 1003 1980 dividitur
993 1954 1033 1979 m
1045 1952 1199 1979 causam

86 2000 124 2032 et
133 1993 174 2032 ιιι
189 1994 319 2032 vitam.
349 1995 475 2034 Causa
486 2004 542 2035 est
556 2010 614 2044 ea,
628 2009 715 2047 quae
725 1996 878 2033 induxit
892 1995 941 2033 ad
951 1994 1198 2038 maleficium,

85 2048 374 2087 commodorum
392 2063 472 2102 spe,
488 2057 555 2088 aut
572 2049 903 2088 incommodorum
921 2049 1126 2093 vitatione;
1155 2053 1201 2084 ut

86 2113 176 2139 cum
194 2103 394 2162 quaeritur,
412 2116 508 2141 num
535 2104 639 2155 quod
657 2103 903 2142 commodum
928 2102 1114 2141 maleficio
1133 2113 1202 2151 ap-

87 2154 250 2206 petierit,
269 2169 366 2195 num
383 2157 582 2206 honorem,
602 2170 699 2196 num
717 2158 934 2209 pecuniam,
954 2169 1052 2194 num
1079 2153 1203 2192 domi-

92 2208 316 2249 nationem?
352 2223 448 2259 num
477 2211 648 2263 aliquam
679 2211 925 2263 cupiditatem
955 2209 1107 2257 amoris,
1139 2213 1205 2263 aut
