1456 2396
249 82 737 126 ACADEMICORUM
760 83 861 123 LIB.
875 83 935 124 ΙΙ.
956 83 1062 125 CAP.
1076 86 1142 125 48.
1188 87 1270 132 347

141 198 262 245 derat,
273 195 432 242 Vlsum,
444 194 658 246 inquiebat
672 193 898 244 hujusmodi
912 202 988 233 est:
1009 194 1160 244 deinde,
1177 209 1266 235 cum

138 252 303 304 paulum
330 249 468 301 digitos
495 248 785 298 constrinxerat,
804 252 997 288 Assensus
1014 250 1265 300 hujusmodi:

139 314 241 354 tum,
261 317 352 344 cum
381 304 497 355 plane
521 311 805 354 compresserat,
833 317 1088 356 pugnumque
1111 303 1266 354 fecerat,

139 359 531 411 Comprehensionem
549 357 659 395 illam
678 370 757 396 esse
772 357 932 396 dicebat.
953 359 1046 407 Qua
1065 373 1113 398 ex
1131 361 1268 398 simili-

136 415 273 453 tudine
298 414 414 452 etiam
440 424 583 450 nomen
610 412 645 450 ei
671 411 740 460 rei,
771 412 876 463 quod
903 422 991 452 ante
1017 427 1096 452 non
1123 414 1264 463 fuerat,

138 469 364 514 Καταληψιν
395 466 592 518 imposuit.
636 466 741 504 Cum
771 474 901 504 autem
933 467 1071 506 laevam
1102 481 1267 507 manum

136 523 370 570 admoverat,
398 529 436 560 et
463 521 578 559 illum
607 533 787 573 pugnum
818 529 918 559 arcte
947 523 1268 586 vehementerque

135 583 422 629 compresserat,
453 575 651 614 scientiam
683 575 800 613 talem
831 588 909 614 esse
942 576 1116 624 (11881131ς
1157 580 1268 628 cujus

135 639 369 694 compotem,
388 630 462 669 nisi
481 630 706 682 sapientem,
736 643 813 668 esse
839 630 1046 670 neminem.
1088 607 1178 681 S'ed,
1199 633 1269 685 qui

134 687 322 739 sapientes
341 685 430 733 sint,
451 692 519 723 aut
537 684 694 731 fuerint,
714 696 763 722 ne
788 684 860 736 ipsi
887 698 938 736 qu
929 685 1044 724 idem
1068 687 1189 725 solent
1208 688 1268 725 di„

133 754 228 780 cere.
269 741 334 779 Ita
362 748 405 778 tu
433 751 551 786 nunc,
584 713 736 785 Catule,
765 739 892 777 lucere
920 741 1066 786 nescis3
1107 753 1176 779 nec
1205 750 1263 790 tu,

134 795 363 844 Hortensi,
352 807 394 832 m
413 793 481 832 tua
499 794 593 832 villa
610 806 680 832 nos
699 806 789 831 aese.
823 794 936 832 Num
956 795 1086 833 minus
1104 795 1215 834 haec
1205 810 1265 834 m-

132 850 276 889 vidiose
302 849 515 888 dicuntur?
548 861 618 887 1188
645 855 776 886 tamen
803 848 919 886 nimis
947 850 1162 901 eleganter:
1197 851 1266 889 illa

131 904 322 944 subtilius.

188 959 278 1007 Sed,
303 971 381 1011 quo
405 954 522 996 modo
550 965 608 1006 tu,
639 958 671 996 si
698 957 796 996 nihil
823 958 1097 1010 comprehendi
1123 968 1263 1011 posset,

134 1013 294 1054 artificia
311 1012 507 1051 concidere
522 1013 686 1074 dicebas,
703 1025 828 1074 neque
842 1013 940 1051 mihi
956 1014 1088 1061 dabas,
1104 1014 1144 1052 id
1160 1015 1266 1066 quod

131 1068 330 1122 probabile
348 1075 458 1115 esset,
479 1068 569 1105 satis
587 1080 771 1119 magnam
790 1068 870 1106 vim
896 1067 1036 1107 habere
1062 1068 1112 1107 ad
1138 1077 1261 1107 artes:

132 1125 185 1163 sic
203 1136 274 1174 ego
292 1135 396 1161 nunc
414 1121 484 1160 tibi
502 1122 637 1168 refero,
658 1130 780 1160 artem
807 1122 887 1161 sine
912 1122 1068 1161 scientia
1089 1136 1167 1162 ffise
1186 1136 1263 1162 non

130 1191 251 1231 posse.
294 1177 365 1215 An
393 1184 587 1228 pateretur
611 1176 684 1214 hoc
713 1177 871 1225 Zeuxis,
899 1186 967 1215 aut
996 1178 1169 1227 Phidias,
1197 1186 1265 1216 aut

133 1232 367 1284 Polycletus,
387 1231 482 1269 nihil
505 1243 544 1269 se
562 1231 669 1278 scire,
691 1244 780 1269 cum
805 1232 846 1269 in
869 1232 930 1270 his
950 1240 1045 1270 esset
1064 1242 1171 1271 tanta
1190 1233 1265 1272 sol-

132 1288 243 1326 lertia
256 1289 274 1325 9
303 1285 423 1334 Quod
442 1285 473 1324 si
493 1298 555 1324 eos
574 1285 762 1324 docuisset
781 1286 934 1338 aliquis,
956 1300 1075 1338 quam
1095 1288 1175 1325 vim
1194 1288 1264 1326 ha-

131 1344 221 1380 bere
248 1341 434 1380 diceretur
464 1340 632 1387 scientia,
667 1340 881 1379 desinerent
908 1341 1044 1380 irasci:
1080 1355 1128 1380 ne
1154 1343 1264 1381 nobis

129 1396 290 1448 quidem
309 1402 584 1442 succenserent,
611 1408 701 1433 cum
727 1395 945 1434 didicissent
967 1396 1008 1433 id
1027 1397 1159 1435 tollere
1177 1409 1260 1443 ncs,

129 1451 236 1503 quod
260 1462 455 1502 nusquam
477 1457 597 1495 esset3
629 1449 734 1501 quod
759 1458 889 1488 autem
917 1450 1006 1488 satis
1032 1460 1127 1489 esset
1153 1452 1259 1503 ipsis,

130 1505 356 1556 relinquere.
416 1503 550 1551 Quam
580 1504 767 1542 rationem
793 1506 988 1554 majorum
1015 1505 1131 1544 etiam
1159 1519 1264 1544 com-

129 1561 267 1612 probat
285 1559 505 1610 diligentia;
530 1558 598 1610 qui
613 1559 784 1609 primum
800 1560 930 1608 jurare
951 1563 978 1581 ‘⁸
993 1573 1041 1598 ex
1061 1561 1120 1598 sui
1139 1561 1260 1599 animi

129 1613 342 1653 sententi32”
377 1626 572 1665 quemque
604 1613 835 1651 voluerunt:
876 1613 1014 1652 deinde
1042 1614 1098 1653 ita
1125 1616 1259 1663 teneri,

130 1671 159 1691 ‘⁶
175 1669 207 1707 si
226 1668 344 1707 sciens
362 1667 554 1715 falleret,''
575 1667 679 1719 quod
697 1667 895 1706 inscientia
909 1669 1035 1706 multa
1049 1678 1261 1708 versaretur

125 1723 168 1761 in
182 1723 282 1762 vitii:
307 1730 408 1771 tum,
425 1722 493 1774 qui
507 1721 771 1760 testimonium
786 1722 939 1772 diceret,
955 1731 1000 1761 ut
1016 1726 1044 1745 ‘⁶
1057 1724 1261 1762 arbitrari''

128 1791 167 1816 se
188 1777 341 1825 diceret,
369 1777 485 1815 etiam
511 1776 616 1828 quod
641 1776 723 1829 ipse
745 1776 923 1815 vidisset:
955 1791 1120 1830 quaeque
1142 1779 1262 1828 jurati

126 1832 273 1882 judices
306 1831 582 1882 cognovissent,
617 1838 663 1869 ut
691 1844 735 1870 ea
766 1843 844 1869 non
873 1845 951 1871 esse
978 1832 1093 1883 facta,
1123 1833 1189 1871 sed
1216 1842 1262 1872 ut

131 1888 160 1908 “
176 1885 332 1925 videri”
352 1886 656 1937 pronuntiarent.

183 1939 390 1978 XLVIII.
417 1940 581 1988 Verum,
603 1940 788 1992 quoniam
806 1953 884 1979 non
904 1941 1030 1980 solum
1049 1950 1168 1980 nauta
1183 1942 1259 1994 318-

129 1995 272 2042 nificat,
294 1993 359 2032 sed
377 1994 492 2032 etiam
507 1995 725 2033 Favonius
715 2008 796 2047 ipse
809 1995 1036 2044 insusurrat,
1052 1997 1260 2048 navigandi

128 2049 252 2097 nobis,
274 2048 453 2098 Luculle,
472 2056 626 2101 tempus
646 2063 739 2096 esse,
761 2057 798 2088 et
817 2050 1001 2102 quoniam
1021 2051 1111 2089 satis
1132 2051 1259 2090 multa

128 2103 224 2151 dixi,
245 2110 301 2142 est
318 2102 417 2141 mihi
429 2103 698 2155 perorandum.
729 2104 896 2143 Posthac
909 2112 1053 2153 tamen,
1071 2118 1161 2144 cum
1175 2105 1258 2145 haec

128 2171 359 2210 quaeremus,
389 2157 517 2210 potius
542 2157 590 2197 de
618 2158 916 2197 dissensionibus
944 2159 1060 2198 tantis
1086 2173 1259 2199 summo-

126 2226 214 2252 rum
234 2213 404 2252 virorum
423 2212 666 2263 disseramus,
692 2212 740 2252 de
762 2213 1030 2253 obscuritate
1008 2221 1120 2253 natur
1109 2228 1170 2265 ·ae,
1191 2215 1256 2254 de-
