1456 2396
183 71 268 112 AD
288 71 494 111 HEREN
497 71 540 110 N
542 70 673 121 IUM,
694 71 795 110 Lm.
810 70 887 111 IV.
909 70 1015 112 Gn».
1029 72 1096 111 34.
1137 72 1217 111 241

92 179 307 219 nitudinem
326 180 415 219 solis
438 188 524 219 ortu
547 187 663 231 atque
687 193 821 219 occasu
842 181 1057 220 metiemur.
1061 181 1088 199 ”
1117 181 1223 220 Cum

92 234 387 286 comparatione,
408 242 476 272 aut
502 248 526 272 a
547 234 810 282 similitudine,
841 244 908 274 aut
935 249 959 274 a
986 236 1222 287 praestantia,

95 288 321 340 [superlatio
339 289 539 341 sumitur].
573 289 615 326 A
634 289 883 328 51111111111(11118
902 290 977 329 sic:
1011 294 1039 313 “
1056 291 1225 342 Corpore

89 342 247 382 niveum
258 343 474 391 candorem,
485 342 686 410 adspectu
677 356 743 394 lgn
718 356 834 381 uteum
849 344 1036 393 ardorem,
1047 358 1224 397 asseque-

91 398 218 436 batur.
222 397 249 415 '’
275 398 318 435 A
336 397 570 449 praestantia,
590 397 663 435 hoc
679 397 815 436 modo:
843 401 871 421 ‘⁶
886 398 1008 448 Cujus
1022 412 1086 437 ore
1101 411 1225 438 sermo

91 451 207 489 melle
225 451 372 490 dulcior
389 451 644 504 profluebat.”
672 451 738 489 Ex
758 452 889 490 eodem
908 465 1045 503 genere
1058 454 1130 492 hoc
1144 461 1199 492 aet
1210 467 1222 491 ι

94 508 123 528 “
144 505 297 544 Tantus
315 514 395 544 erat
417 507 458 544 in
480 506 596 544 armis
622 506 814 558 splendor,
840 514 886 544 ut
904 507 992 545 solis
1010 507 1138 559 fulgor
1155 509 1226 546 ob-

91 560 234 599 scurior
252 560 483 599 videretur.”

147 615 362 654 Intellectio
380 623 449 664 est,
470 628 561 654 cum
579 628 638 654 res
657 622 736 654 tota
753 614 872 668 parva
887 615 935 654 de
947 623 1055 667 parte
1069 628 1226 668 cognos-

91 668 203 717 citur,
231 676 299 708 aut
321 669 368 708 de
392 677 472 708 toto
494 682 593 721 pars.
634 669 698 708 De
725 678 833 722 parte
858 677 984 708 totum
1009 671 1060 709 sic
1085 670 1228 708 intelli-

89 723 218 775 gitur:
252 726 280 747 “
294 723 388 762 Non
406 724 483 762 illae
501 732 539 762 te
557 724 747 775 nuptiales
766 724 869 763 tibiae
888 725 970 774 ejus
991 725 1228 763 matrimonii

91 779 409 817 commonebant.
400 779 446 805 ¹>”
487 778 595 816 Nam
618 779 683 817 1118
704 778 829 817 01111115
854 779 1104 817 sanctimonia
1125 791 1228 830 nup-

91 832 236 870 tiarum
254 845 339 872 uno
347 833 456 884 signo
470 833 655 872 tibiarum
669 833 909 884 intelligitur.
939 833 1003 871 De
1018 841 1098 872 toto
1112 846 1222 884 pars·
1211 862 1223 879 ‚

95 893 152 935 ut,
177 887 209 925 si
228 887 315 939 quis
334 887 384 935 ei,
408 887 476 939 qui
496 887 675 926 vestitum
696 896 763 926 aut
782 896 961 926 ornatum
982 896 1228 926 sumtuosum

92 948 269 990 ostentet,
289 941 405 990 dicat,
427 944 454 964 “
467 941 648 980 Ostentas
666 942 764 980 mihi
779 942 944 989 (11111135,
967 951 1005 981 81
1017 943 1227 994 locupletes

92 995 220 1047 copias
235 997 399 1046 jactas.”
429 996 498 1035 Ab
518 1009 596 1034 uno
615 997 728 1048 plura
746 997 1030 1048 intelliguntur,
1050 997 1123 1035 hoc
1141 1010 1227 1034 mo-

93 1049 171 1088 do:
205 1052 234 1072 “
255 1050 376 1089 Poeno
403 1050 479 1089 fuit
504 1051 705 1102 Hispanus
731 1051 905 1097 31131110;
942 1051 1054 1089 fuit
1043 1050 1227 1089 immanis

91 1103 158 1143 1118
178 1104 483 1157 Transalpinus:
518 1105 558 1143 in
580 1106 695 1144 Italia
716 1119 873 1158 quoque
900 1105 1004 1144 idem
1032 1118 1226 1144 nonnemo

93 1165 247 1210 togatus
274 1160 432 1198 sensit-'⁹
467 1160 509 1198 A
535 1159 712 1211 pluribus
737 1173 862 1199 unum
891 1160 943 1199 518
968 1160 1197 1211 intelligitur
1214 1173 1226 1197 =

95 1215 124 1235 ‘⁶
138 1214 269 1252 Atrox
288 1214 484 1253 calamitas
502 1222 655 1266 pectora
672 1228 833 1253 moerore
855 1215 1046 1266 pulsabat.
1086 1215 1227 1266 Itaque

94 1267 280 1307 anhelans
302 1282 350 1307 ex
375 1269 464 1308 imis
489 1270 740 1321 pulmonibus
765 1283 845 1321 prae
869 1270 962 1308 cura
981 1269 1136 1320 spiritus
1155 1269 1229 1307 du-

94 1323 263 1361 cebatur.
267 1323 293 1341 ”
333 1323 442 1361 Nam
467 1323 508 1361 in
534 1324 793 1375 superioribus
818 1324 947 1376 plures
975 1323 1156 1375 Hispani,
1189 1330 1227 1361 et

97 1376 219 1423 Galli,
243 1386 282 1416 et
298 1378 432 1429 togati,
458 1378 524 1417 hic
542 1391 666 1416 unum
686 1386 819 1430 pectus
838 1386 875 1417 et
891 1391 994 1416 unus
1012 1377 1177 1429 pulmo
1167 1390 1228 1415 m-

93 1405 302 1483 telligitur:
319 1439 357 1470 et
369 1433 440 1471 erit
457 1432 535 1471 illic
554 1433 769 1472 diminutus
783 1445 982 1481 numerus,
998 1432 1229 1482 festivitatis,

91 1485 158 1524 hic
176 1486 362 1525 adauctus
379 1487 590 1539 gravitatis,
610 1488 746 1540 813113.

146 1540 302 1580 Α1111510
330 1549 399 1590 851,
432 1555 520 1594 quae
547 1545 662 1581 zerbo
691 1541 808 1581 simili
836 1550 873 1580 et
898 1542 1130 1594 propinquo,
1159 1555 1230 1594 pro

93 1603 196 1634 certo
215 1603 253 1635 et
270 1597 440 1648 proprio,
460 1596 646 1646 abutitur,
666 1596 739 1635 hoc
756 1596 895 1635 modo.
927 1599 955 1619 “
972 1597 1085 1635 Vires
1103 1597 1230 1635 homi-

92 1650 154 1689 nis
167 1652 300 1689 breves
314 1651 448 1699 sunt‚”
468 1659 536 1689 aut
557 1654 584 1674 “
598 1664 716 1704 parva
730 1652 904 1696 statura?
908 1652 1007 1689 ’aut
1027 1654 1055 1673 ‘
1044 1651 1232 1703 longum

68 1729 72 1731 >
95 1705 138 1744 in
169 1705 327 1744 homine
359 1705 606 1754 consilium,”
639 1714 707 1745 aut
740 1708 768 1728 “
789 1706 908 1744 oratio
940 1706 1127 1757 11138113,”
1161 1714 1230 1744 3111

97 1761 128 1806 f‘
140 1759 200 1798 uti
216 1773 341 1812 pauco
359 1761 573 1799 sermone.”
602 1761 711 1799 Nam
730 1760 797 1799 hic
814 1760 927 1799 facile
946 1767 1002 1799 est
1015 1760 1228 1808 intellectu,

95 1813 262 1853 finitima
280 1816 410 1865 verba,
431 1828 561 1854 rerum
579 1814 841 1865 dissimilium,
864 1814 1012 1854 ratione
1033 1814 1229 1854 abusionis

95 1882 175 1908 esse
193 1868 380 1908 traducta.

150 1923 357 1963 XXXIV.
385 1924 608 1964 Translatio
634 1932 704 1974 est,
725 1937 816 1964 cum
835 1923 1032 1963 verbum
1020 1937 1062 1962 m
1088 1936 1227 1976 quam-

96 1977 188 2016 dam
207 1990 288 2016 rem
308 1979 534 2017 transfertur
553 1993 602 2018 ex
620 1980 697 2018 3113
719 1993 773 2027 18,
795 1979 900 2031 quod
918 1987 1073 2031 propter
1092 1979 1228 2017 simili-

96 2032 274 2071 tudinem
299 2040 398 2071 recte
417 2033 608 2072 videbitur
625 2047 735 2086 posse
754 2034 960 2072 transferri.
997 2033 1061 2071 Ea
1079 2033 1228 2071 utimur

95 2087 152 2125 rei
177 2094 266 2125 ante
292 2088 421 2126 0811105
446 2089 633 2139 ponendae
658 2102 787 2138 causa,
814 2088 890 2127 sic:
924 2091 953 2110 ‘⁴
967 2088 1046 2126 Hic
1070 2087 1226 2125 Italiam

96 2142 290 2180 tumultus
328 2142 584 2194 expergefecit
620 2151 762 2182 terrore
798 2143 967 2181 subito.”
1020 2141 1229 2180 Brevitatis

95 2195 226 2244 causa,
247 2195 324 2235 sic:
358 2199 386 2218 “
407 2196 558 2236 Recens
577 2197 765 2240 adventus
783 2197 970 2239 exercitus
991 2196 1119 2238 subito
1137 2195 1231 2236 civi·

148 2251 349 2301 (Rhe-tor.)
365 2262 484 2306 ι1101..
508 2263 559 2295 11.
870 2262 902 2291 Y
