<?xml version="1.0" encoding="UTF-8"?>
<!DOCTYPE html PUBLIC "-//W3C//DTD XHTML 1.0 Transitional//EN"
    "http://www.w3.org/TR/xhtml1/DTD/xhtml1-transitional.dtd">
<html xmlns="http://www.w3.org/1999/xhtml" xml:lang="en" lang="en">
 <head>
  <title>
</title>
<meta http-equiv="Content-Type" content="text/html;charset=utf-8" />
  <meta name='ocr-system' content='tesseract 3.04.00' />
  <meta name='ocr-capabilities' content='ocr_page ocr_carea ocr_par ocr_line ocrx_word'/>
</head>
<body>
  <div class='ocr_page' id='page_1' title='image "./operaern02ciceuoft_0231.png"; bbox 0 0 1456 2396; ppageno 0'>
   <div class='ocr_carea' id='block_1_1' title="bbox 317 69 1329 119">
    <p class='ocr_par' dir='ltr' id='par_1_1' title="bbox 317 69 1329 119">
     <span class='ocr_line' id='line_1_1' title="bbox 317 69 1329 119; baseline -0.002 -8"><span class='ocrx_word' id='word_1_1' title='bbox 317 70 403 111; x_wconf 85' lang='lat' dir='ltr'>AD</span> <span class='ocrx_word' id='word_1_2' title='bbox 431 69 818 119; x_wconf 83' lang='lat' dir='ltr'>HERENNIUM,</span> <span class='ocrx_word' id='word_1_3' title='bbox 836 71 938 110; x_wconf 77' lang='lat' dir='ltr'>Lm.</span> <span class='ocrx_word' id='word_1_4' title='bbox 956 70 1032 112; x_wconf 89' lang='lat' dir='ltr'>1v.</span> <span class='ocrx_word' id='word_1_5' title='bbox 1050 69 1157 111; x_wconf 63' lang='lat' dir='ltr'>Cn.</span> <span class='ocrx_word' id='word_1_6' title='bbox 1174 71 1213 110; x_wconf 89' lang='grc'>8.</span> <span class='ocrx_word' id='word_1_7' title='bbox 1249 71 1329 116; x_wconf 78' lang='grc'>217</span> 
     </span>
    </p>
   </div>
   <div class='ocr_carea' id='block_1_2' title="bbox 164 179 1331 2309">
    <p class='ocr_par' dir='ltr' id='par_1_2' title="bbox 197 179 1331 396">
     <span class='ocr_line' id='line_1_2' title="bbox 201 179 1331 233; baseline 0.001 -15"><span class='ocrx_word' id='word_1_8' title='bbox 201 185 454 220; x_wconf 60' lang='grc' dir='ltr'>ωεεαωιιε.</span> <span class='ocrx_word' id='word_1_9' title='bbox 494 180 686 233; x_wconf 87' lang='lat' dir='ltr'>Bipertita</span> <span class='ocrx_word' id='word_1_10' title='bbox 715 180 786 220; x_wconf 88' lang='lat' dir='ltr'>erit</span> <span class='ocrx_word' id='word_1_11' title='bbox 816 180 936 232; x_wconf 84' lang='lat' dir='ltr'>igitur</span> <span class='ocrx_word' id='word_1_12' title='bbox 968 181 1079 220; x_wconf 85' lang='lat' dir='ltr'>nobis</span> <span class='ocrx_word' id='word_1_13' title='bbox 1108 179 1331 220; x_wconf 83' lang='lat' dir='ltr'>elocutionis</span> 
     </span>
     <span class='ocr_line' id='line_1_3' title="bbox 199 235 1330 288; baseline 0 -15"><span class='ocrx_word' id='word_1_14' title='bbox 199 235 415 288; x_wconf 65' lang='lat' dir='ltr'>preceptio.</span> <span class='ocrx_word' id='word_1_15' title='bbox 460 235 643 274; x_wconf 88' lang='lat' dir='ltr'>Primum</span> <span class='ocrx_word' id='word_1_16' title='bbox 671 235 857 282; x_wconf 80' lang='lat' dir='ltr'><strong>dicemus,</strong></span> <span class='ocrx_word' id='word_1_17' title='bbox 887 235 1029 288; x_wconf 89' lang='lat' dir='ltr'>quibus</span> <span class='ocrx_word' id='word_1_18' title='bbox 1056 236 1097 274; x_wconf 94' lang='lat' dir='ltr'>in</span> <span class='ocrx_word' id='word_1_19' title='bbox 1124 235 1330 288; x_wconf 86' lang='lat' dir='ltr'>generibus</span> 
     </span>
     <span class='ocr_line' id='line_1_4' title="bbox 199 289 1330 340; baseline 0.002 -14"><span class='ocrx_word' id='word_1_20' title='bbox 199 301 350 340; x_wconf 83' lang='lat' dir='ltr'>semper</span> <span class='ocrx_word' id='word_1_21' title='bbox 367 289 494 328; x_wconf 88' lang='lat' dir='ltr'>omnis</span> <span class='ocrx_word' id='word_1_22' title='bbox 519 290 682 329; x_wconf 86' lang='lat' dir='ltr'>oratoria</span> <span class='ocrx_word' id='word_1_23' title='bbox 708 289 870 328; x_wconf 82' lang='lat' dir='ltr'>elocutio</span> <span class='ocrx_word' id='word_1_24' title='bbox 896 290 1033 328; x_wconf 85' lang='lat' dir='ltr'>debeat</span> <span class='ocrx_word' id='word_1_25' title='bbox 1052 303 1158 329; x_wconf 86' lang='lat' dir='ltr'>esse:</span> <span class='ocrx_word' id='word_1_26' title='bbox 1190 289 1330 329; x_wconf 88' lang='lat' dir='ltr'>deinde</span> 
     </span>
     <span class='ocr_line' id='line_1_5' title="bbox 197 343 1145 396; baseline 0.002 -15"><span class='ocrx_word' id='word_1_27' title='bbox 197 343 458 392; x_wconf 80' lang='lat' dir='ltr'>ostendemus,</span> <span class='ocrx_word' id='word_1_28' title='bbox 479 358 576 396; x_wconf 89' lang='lat' dir='ltr'>quas</span> <span class='ocrx_word' id='word_1_29' title='bbox 594 358 653 383; x_wconf 89' lang='lat' dir='ltr'>res</span> <span class='ocrx_word' id='word_1_30' title='bbox 671 357 822 396; x_wconf 84' lang='lat' dir='ltr'>semper</span> <span class='ocrx_word' id='word_1_31' title='bbox 840 344 980 383; x_wconf 86' lang='lat' dir='ltr'>habere</span> <span class='ocrx_word' id='word_1_32' title='bbox 999 344 1145 383; x_wconf 81' lang='lat' dir='ltr'>debeat.</span> 
     </span>
    </p>

    <p class='ocr_par' dir='ltr' id='par_1_3' title="bbox 189 397 1330 888">
     <span class='ocr_line' id='line_1_6' title="bbox 254 397 1330 451; baseline 0.001 -15"><span class='ocrx_word' id='word_1_33' title='bbox 254 397 382 437; x_wconf 89' lang='lat' dir='ltr'>VIII.</span> <span class='ocrx_word' id='word_1_34' title='bbox 412 399 513 438; x_wconf 89' lang='lat' dir='ltr'>Sunt</span> <span class='ocrx_word' id='word_1_35' title='bbox 540 399 659 451; x_wconf 88' lang='lat' dir='ltr'>igitur</span> <span class='ocrx_word' id='word_1_36' title='bbox 688 400 761 437; x_wconf 87' lang='lat' dir='ltr'>tria</span> <span class='ocrx_word' id='word_1_37' title='bbox 787 411 941 450; x_wconf 85' lang='lat' dir='ltr'>genera,</span> <span class='ocrx_word' id='word_1_38' title='bbox 972 413 1060 451; x_wconf 86' lang='lat' dir='ltr'>quae</span> <span class='ocrx_word' id='word_1_39' title='bbox 1087 412 1228 450; x_wconf 83' lang='lat' dir='ltr'>genera</span> <span class='ocrx_word' id='word_1_40' title='bbox 1259 410 1330 437; x_wconf 90' lang='lat' dir='ltr'>nos</span> 
     </span>
     <span class='ocr_line' id='line_1_7' title="bbox 196 450 1330 506; baseline -0.001 -15"><span class='ocrx_word' id='word_1_41' title='bbox 196 450 340 502; x_wconf 86' lang='lat' dir='ltr'>figuras</span> <span class='ocrx_word' id='word_1_42' title='bbox 359 454 615 506; x_wconf 81' lang='lat' dir='ltr'>appellamus,</span> <span class='ocrx_word' id='word_1_43' title='bbox 635 454 675 492; x_wconf 91' lang='lat' dir='ltr'>in</span> <span class='ocrx_word' id='word_1_44' title='bbox 702 454 844 505; x_wconf 87' lang='lat' dir='ltr'>quibus</span> <span class='ocrx_word' id='word_1_45' title='bbox 870 453 996 492; x_wconf 90' lang='lat' dir='ltr'>omnis</span> <span class='ocrx_word' id='word_1_46' title='bbox 1021 453 1141 492; x_wconf 87' lang='lat' dir='ltr'>oratio</span> <span class='ocrx_word' id='word_1_47' title='bbox 1167 466 1244 492; x_wconf 88' lang='lat' dir='ltr'>non</span> <span class='ocrx_word' id='word_1_48' title='bbox 1271 453 1330 491; x_wconf 69' lang='lat' dir='ltr'>vi-</span> 
     </span>
     <span class='ocr_line' id='line_1_8' title="bbox 194 506 1328 559; baseline 0 -14"><span class='ocrx_word' id='word_1_49' title='bbox 194 506 293 546; x_wconf 87' lang='lat' dir='ltr'>tiosa</span> <span class='ocrx_word' id='word_1_50' title='bbox 325 509 576 547; x_wconf 87' lang='lat' dir='ltr'>consumitur.</span> <span class='ocrx_word' id='word_1_51' title='bbox 618 508 751 547; x_wconf 87' lang='lat' dir='ltr'>Unam</span> <span class='ocrx_word' id='word_1_52' title='bbox 783 520 957 559; x_wconf 79' lang='lat' dir='ltr'>gravem,</span> <span class='ocrx_word' id='word_1_53' title='bbox 987 507 1147 546; x_wconf 82' lang='lat' dir='ltr'>alteram</span> <span class='ocrx_word' id='word_1_54' title='bbox 1180 507 1328 546; x_wconf 87' lang='lat' dir='ltr'>medio-</span> 
     </span>
     <span class='ocr_line' id='line_1_9' title="bbox 194 562 1328 614; baseline 0 -14"><span class='ocrx_word' id='word_1_55' title='bbox 194 573 314 609; x_wconf 86' lang='lat' dir='ltr'>crem,</span> <span class='ocrx_word' id='word_1_56' title='bbox 330 563 483 602; x_wconf 83' lang='lat' dir='ltr'>tertiam</span> <span class='ocrx_word' id='word_1_57' title='bbox 498 570 760 609; x_wconf 83' lang='lat' dir='ltr'>extenuatam,</span> <span class='ocrx_word' id='word_1_58' title='bbox 777 575 970 601; x_wconf 79' lang='lat' dir='ltr'>vocamus.</span> <span class='ocrx_word' id='word_1_59' title='bbox 1001 562 1139 600; x_wconf 69' lang='lat' dir='ltr'>Gravis</span> <span class='ocrx_word' id='word_1_60' title='bbox 1155 570 1224 607; x_wconf 83' lang='lat' dir='ltr'>cst,</span> <span class='ocrx_word' id='word_1_61' title='bbox 1238 575 1328 614; x_wconf 79' lang='lat' dir='ltr'>quae</span> 
     </span>
     <span class='ocr_line' id='line_1_10' title="bbox 193 616 1328 669; baseline 0 -15"><span class='ocrx_word' id='word_1_62' title='bbox 193 624 343 656; x_wconf 85' lang='lat' dir='ltr'>constat</span> <span class='ocrx_word' id='word_1_63' title='bbox 361 630 409 656; x_wconf 84' lang='lat' dir='ltr'>ex</span> <span class='ocrx_word' id='word_1_64' title='bbox 429 620 633 657; x_wconf 88' lang='lat' dir='ltr'>verborum</span> <span class='ocrx_word' id='word_1_65' title='bbox 653 617 830 669; x_wconf 76' lang='lat' dir='ltr'>gravium</span> <span class='ocrx_word' id='word_1_66' title='bbox 850 616 994 668; x_wconf 61' lang='lat' dir='ltr'>magna</span> <span class='ocrx_word' id='word_1_67' title='bbox 1020 624 1057 655; x_wconf 92' lang='lat' dir='ltr'>et</span> <span class='ocrx_word' id='word_1_68' title='bbox 1076 616 1209 654; x_wconf 59' lang='lat' dir='ltr'>ornatis</span> <span class='ocrx_word' id='word_1_69' title='bbox 1237 629 1328 654; x_wconf 87' lang='lat' dir='ltr'>con-</span> 
     </span>
     <span class='ocr_line' id='line_1_11' title="bbox 193 671 1325 724; baseline 0.001 -15"><span class='ocrx_word' id='word_1_70' title='bbox 193 672 413 711; x_wconf 80' lang='lat' dir='ltr'>structione.</span> <span class='ocrx_word' id='word_1_71' title='bbox 443 672 652 711; x_wconf 85' lang='lat' dir='ltr'>Mediocris</span> <span class='ocrx_word' id='word_1_72' title='bbox 672 680 742 719; x_wconf 88' lang='lat' dir='ltr'>est,</span> <span class='ocrx_word' id='word_1_73' title='bbox 763 685 850 724; x_wconf 73' lang='lat' dir='ltr'>qum</span> <span class='ocrx_word' id='word_1_74' title='bbox 870 679 1016 710; x_wconf 84' lang='lat' dir='ltr'>constat</span> <span class='ocrx_word' id='word_1_75' title='bbox 1036 684 1084 709; x_wconf 79' lang='lat' dir='ltr'>ex</span> <span class='ocrx_word' id='word_1_76' title='bbox 1103 671 1325 718; x_wconf 79' lang='lat' dir='ltr'>humiliore,</span> 
     </span>
     <span class='ocr_line' id='line_1_12' title="bbox 192 725 1327 778; baseline 0 -15"><span class='ocrx_word' id='word_1_77' title='bbox 192 737 319 778; x_wconf 85' lang='lat' dir='ltr'>neque</span> <span class='ocrx_word' id='word_1_78' title='bbox 337 734 467 766; x_wconf 86' lang='lat' dir='ltr'>tamen</span> <span class='ocrx_word' id='word_1_79' title='bbox 487 740 534 766; x_wconf 84' lang='lat' dir='ltr'>ex</span> <span class='ocrx_word' id='word_1_80' title='bbox 553 726 690 765; x_wconf 67' lang='lat' dir='ltr'>infima</span> <span class='ocrx_word' id='word_1_81' title='bbox 709 734 746 765; x_wconf 91' lang='lat' dir='ltr'>et</span> <span class='ocrx_word' id='word_1_82' title='bbox 764 725 1100 778; x_wconf 57' lang='lat' dir='ltr'>pervulgatissima</span> <span class='ocrx_word' id='word_1_83' title='bbox 1121 727 1327 764; x_wconf 83' lang='lat' dir='ltr'>verborum</span> 
     </span>
     <span class='ocr_line' id='line_1_13' title="bbox 192 779 1326 833; baseline 0 -15"><span class='ocrx_word' id='word_1_84' title='bbox 192 779 391 832; x_wconf 79' lang='lat' dir='ltr'>dignitate.</span> <span class='ocrx_word' id='word_1_85' title='bbox 432 782 649 820; x_wconf 88' lang='lat' dir='ltr'>Attenuata</span> <span class='ocrx_word' id='word_1_86' title='bbox 676 788 745 827; x_wconf 82' lang='lat' dir='ltr'>est,</span> <span class='ocrx_word' id='word_1_87' title='bbox 767 794 855 833; x_wconf 89' lang='lat' dir='ltr'>quae</span> <span class='ocrx_word' id='word_1_88' title='bbox 873 780 1039 819; x_wconf 85' lang='lat' dir='ltr'>demissa</span> <span class='ocrx_word' id='word_1_89' title='bbox 1058 787 1113 818; x_wconf 91' lang='lat' dir='ltr'>est</span> <span class='ocrx_word' id='word_1_90' title='bbox 1132 793 1257 833; x_wconf 90' lang='lat' dir='ltr'>usque</span> <span class='ocrx_word' id='word_1_91' title='bbox 1276 779 1326 818; x_wconf 88' lang='lat' dir='ltr'>ad</span> 
     </span>
     <span class='ocr_line' id='line_1_14' title="bbox 189 834 1142 888; baseline -0.001 -15"><span class='ocrx_word' id='word_1_92' title='bbox 189 835 481 875; x_wconf 80' lang='lat' dir='ltr'>usitatissimam</span> <span class='ocrx_word' id='word_1_93' title='bbox 500 837 589 888; x_wconf 90' lang='lat' dir='ltr'>puri</span> <span class='ocrx_word' id='word_1_94' title='bbox 609 836 794 875; x_wconf 88' lang='lat' dir='ltr'>sermonis</span> <span class='ocrx_word' id='word_1_95' title='bbox 813 834 1142 874; x_wconf 86' lang='lat' dir='ltr'>consuetudinem.</span> 
     </span>
    </p>

    <p class='ocr_par' dir='ltr' id='par_1_4' title="bbox 164 889 1326 2304">
     <span class='ocr_line' id='line_1_15' title="bbox 245 889 1326 942; baseline -0.001 -14"><span class='ocrx_word' id='word_1_96' title='bbox 245 889 300 936; x_wconf 65' lang='lat' dir='ltr'>In⁴</span> <span class='ocrx_word' id='word_1_97' title='bbox 314 891 423 942; x_wconf 88' lang='lat' dir='ltr'>gravi</span> <span class='ocrx_word' id='word_1_98' title='bbox 442 890 567 942; x_wconf 69' lang='lat' dir='ltr'>figura</span> <span class='ocrx_word' id='word_1_99' title='bbox 586 900 832 930; x_wconf 86' lang='lat' dir='ltr'>consumetur</span> <span class='ocrx_word' id='word_1_100' title='bbox 850 890 984 935; x_wconf 82' lang='lat' dir='ltr'>oratio,</span> <span class='ocrx_word' id='word_1_101' title='bbox 1010 889 1056 935; x_wconf 79' lang='lat' dir='ltr'>si,</span> <span class='ocrx_word' id='word_1_102' title='bbox 1081 903 1169 941; x_wconf 77' lang='lat' dir='ltr'>quae</span> <span class='ocrx_word' id='word_1_103' title='bbox 1194 889 1326 939; x_wconf 81' lang='lat' dir='ltr'>cujus-</span> 
     </span>
     <span class='ocr_line' id='line_1_16' title="bbox 188 944 1324 998; baseline -0.001 -16"><span class='ocrx_word' id='word_1_104' title='bbox 188 956 266 996; x_wconf 91' lang='lat' dir='ltr'>que</span> <span class='ocrx_word' id='word_1_105' title='bbox 280 944 334 983; x_wconf 86' lang='lat' dir='ltr'>rei</span> <span class='ocrx_word' id='word_1_106' title='bbox 353 954 534 998; x_wconf 89' lang='lat' dir='ltr'>poterunt</span> <span class='ocrx_word' id='word_1_107' title='bbox 553 946 794 985; x_wconf 86' lang='lat' dir='ltr'>ornatissima</span> <span class='ocrx_word' id='word_1_108' title='bbox 813 947 929 984; x_wconf 79' lang='lat' dir='ltr'>verba</span> <span class='ocrx_word' id='word_1_109' title='bbox 947 944 1117 997; x_wconf 84' lang='lat' dir='ltr'>reperin&#39;,</span> <span class='ocrx_word' id='word_1_110' title='bbox 1138 944 1216 982; x_wconf 82' lang='lat' dir='ltr'>sive</span> <span class='ocrx_word' id='word_1_111' title='bbox 1235 957 1324 996; x_wconf 88' lang='lat' dir='ltr'>pro-</span> 
     </span>
     <span class='ocr_line' id='line_1_17' title="bbox 185 999 1324 1053; baseline -0.002 -15"><span class='ocrx_word' id='word_1_112' title='bbox 185 999 272 1051; x_wconf 84' lang='lat' dir='ltr'>pria</span> <span class='ocrx_word' id='word_1_113' title='bbox 291 999 369 1039; x_wconf 88' lang='lat' dir='ltr'>sive</span> <span class='ocrx_word' id='word_1_114' title='bbox 387 1001 585 1047; x_wconf 83' lang='lat' dir='ltr'>translata,</span> <span class='ocrx_word' id='word_1_115' title='bbox 606 1013 925 1053; x_wconf 83' lang='lat' dir='ltr'>unamquamque</span> <span class='ocrx_word' id='word_1_116' title='bbox 943 1000 984 1038; x_wconf 88' lang='lat' dir='ltr'>in</span> <span class='ocrx_word' id='word_1_117' title='bbox 1004 1012 1086 1038; x_wconf 89' lang='lat' dir='ltr'>rem</span> <span class='ocrx_word' id='word_1_118' title='bbox 1105 1011 1324 1038; x_wconf 87' lang='lat' dir='ltr'>accommo-</span> 
     </span>
     <span class='ocr_line' id='line_1_18' title="bbox 185 1052 1324 1108; baseline 0 -16"><span class='ocrx_word' id='word_1_119' title='bbox 185 1053 410 1101; x_wconf 85' lang='lat' dir='ltr'>dabuntur;</span> <span class='ocrx_word' id='word_1_120' title='bbox 441 1064 492 1102; x_wconf 89' lang='lat' dir='ltr'>et,</span> <span class='ocrx_word' id='word_1_121' title='bbox 513 1056 544 1094; x_wconf 88' lang='lat' dir='ltr'>si</span> <span class='ocrx_word' id='word_1_122' title='bbox 563 1069 697 1108; x_wconf 85' lang='lat' dir='ltr'>graves</span> <span class='ocrx_word' id='word_1_123' title='bbox 717 1055 928 1102; x_wconf 83' lang='lat' dir='ltr'>sententiae,</span> <span class='ocrx_word' id='word_1_124' title='bbox 950 1068 1037 1107; x_wconf 79' lang='lat' dir='ltr'>quae</span> <span class='ocrx_word' id='word_1_125' title='bbox 1052 1054 1092 1092; x_wconf 89' lang='lat' dir='ltr'>in</span> <span class='ocrx_word' id='word_1_126' title='bbox 1108 1052 1324 1106; x_wconf 84' lang='lat' dir='ltr'>amplifica-</span> 
     </span>
     <span class='ocr_line' id='line_1_19' title="bbox 183 1107 1322 1161; baseline -0.001 -14"><span class='ocrx_word' id='word_1_127' title='bbox 183 1108 289 1148; x_wconf 83' lang='lat' dir='ltr'>tione</span> <span class='ocrx_word' id='word_1_128' title='bbox 307 1118 346 1149; x_wconf 90' lang='lat' dir='ltr'>et</span> <span class='ocrx_word' id='word_1_129' title='bbox 364 1111 694 1150; x_wconf 84' lang='lat' dir='ltr'>commiseratione</span> <span class='ocrx_word' id='word_1_130' title='bbox 721 1118 946 1155; x_wconf 85' lang='lat' dir='ltr'>tractantur,</span> <span class='ocrx_word' id='word_1_131' title='bbox 972 1109 1188 1161; x_wconf 83' lang='lat' dir='ltr'>eligentur;</span> <span class='ocrx_word' id='word_1_132' title='bbox 1210 1116 1261 1154; x_wconf 82' lang='lat' dir='ltr'>et,</span> <span class='ocrx_word' id='word_1_133' title='bbox 1290 1107 1322 1146; x_wconf 90' lang='lat' dir='ltr'>si</span> 
     </span>
     <span class='ocr_line' id='line_1_20' title="bbox 184 1162 1321 1216; baseline -0.002 -14"><span class='ocrx_word' id='word_1_134' title='bbox 184 1164 451 1204; x_wconf 83' lang='lat' dir='ltr'>exornationes</span> <span class='ocrx_word' id='word_1_135' title='bbox 469 1166 745 1204; x_wconf 88' lang='lat' dir='ltr'>sententiarum</span> <span class='ocrx_word' id='word_1_136' title='bbox 765 1173 832 1204; x_wconf 86' lang='lat' dir='ltr'>aut</span> <span class='ocrx_word' id='word_1_137' title='bbox 852 1166 1072 1212; x_wconf 79' lang='lat' dir='ltr'>verborum,</span> <span class='ocrx_word' id='word_1_138' title='bbox 1093 1178 1180 1216; x_wconf 80' lang='lat' dir='ltr'>quae</span> <span class='ocrx_word' id='word_1_139' title='bbox 1193 1162 1321 1214; x_wconf 64' lang='lat' dir='ltr'>graxi-</span> 
     </span>
     <span class='ocr_line' id='line_1_21' title="bbox 183 1218 1319 1273; baseline -0.002 -16"><span class='ocrx_word' id='word_1_140' title='bbox 183 1224 303 1258; x_wconf 80' lang='lat' dir='ltr'>tatem</span> <span class='ocrx_word' id='word_1_141' title='bbox 321 1219 536 1268; x_wconf 90' lang='lat' dir='ltr'>habebunt,</span> <span class='ocrx_word' id='word_1_142' title='bbox 550 1221 598 1259; x_wconf 90' lang='lat' dir='ltr'>de</span> <span class='ocrx_word' id='word_1_143' title='bbox 617 1221 759 1273; x_wconf 88' lang='lat' dir='ltr'>quibus</span> <span class='ocrx_word' id='word_1_144' title='bbox 774 1226 859 1272; x_wconf 89' lang='lat' dir='ltr'>post</span> <span class='ocrx_word' id='word_1_145' title='bbox 873 1219 1059 1266; x_wconf 86' lang='lat' dir='ltr'>dicemus,</span> <span class='ocrx_word' id='word_1_146' title='bbox 1076 1218 1319 1257; x_wconf 73' lang='lat' dir='ltr'>adhibebun-</span> 
     </span>
     <span class='ocr_line' id='line_1_22' title="bbox 182 1273 1315 1327; baseline -0.002 -16"><span class='ocrx_word' id='word_1_147' title='bbox 182 1279 259 1311; x_wconf 89' lang='lat' dir='ltr'>tur.</span> <span class='ocrx_word' id='word_1_148' title='bbox 323 1273 373 1313; x_wconf 91' lang='lat' dir='ltr'>In</span> <span class='ocrx_word' id='word_1_149' title='bbox 402 1274 475 1313; x_wconf 90' lang='lat' dir='ltr'>hoc</span> <span class='ocrx_word' id='word_1_150' title='bbox 507 1288 646 1327; x_wconf 87' lang='lat' dir='ltr'>genere</span> <span class='ocrx_word' id='word_1_151' title='bbox 679 1275 813 1327; x_wconf 84' lang='lat' dir='ltr'>figurae</span> <span class='ocrx_word' id='word_1_152' title='bbox 846 1275 916 1313; x_wconf 88' lang='lat' dir='ltr'>erit</span> <span class='ocrx_word' id='word_1_153' title='bbox 952 1275 1025 1313; x_wconf 91' lang='lat' dir='ltr'>hoc</span> <span class='ocrx_word' id='word_1_154' title='bbox 1063 1273 1286 1325; x_wconf 80' lang='lat' dir='ltr'>exemplum</span> <span class='ocrx_word' id='word_1_155' title='bbox 1303 1286 1315 1310; x_wconf 90' lang='lat'>:</span> 
     </span>
     <span class='ocr_line' id='line_1_23' title="bbox 183 1327 1317 1382; baseline -0.002 -15"><span class='ocrx_word' id='word_1_156' title='bbox 183 1329 213 1350; x_wconf 82' lang='lat'>“</span> <span class='ocrx_word' id='word_1_157' title='bbox 227 1328 335 1368; x_wconf 90' lang='lat' dir='ltr'>Nam</span> <span class='ocrx_word' id='word_1_158' title='bbox 355 1329 442 1381; x_wconf 91' lang='lat' dir='ltr'>quis</span> <span class='ocrx_word' id='word_1_159' title='bbox 461 1337 516 1368; x_wconf 66' lang='lat' dir='ltr'>est</span> <span class='ocrx_word' id='word_1_160' title='bbox 536 1332 719 1376; x_wconf 69' lang='lat' dir='ltr'>vestrum,</span> <span class='ocrx_word' id='word_1_161' title='bbox 737 1330 900 1380; x_wconf 81' lang='lat' dir='ltr'>judices,</span> <span class='ocrx_word' id='word_1_162' title='bbox 925 1330 995 1382; x_wconf 89' lang='lat' dir='ltr'>qui</span> <span class='ocrx_word' id='word_1_163' title='bbox 1021 1329 1110 1368; x_wconf 89' lang='lat' dir='ltr'>satis</span> <span class='ocrx_word' id='word_1_164' title='bbox 1137 1327 1317 1366; x_wconf 82' lang='lat' dir='ltr'>idoneam</span> 
     </span>
     <span class='ocr_line' id='line_1_24' title="bbox 180 1381 1317 1437; baseline -0.002 -15"><span class='ocrx_word' id='word_1_165' title='bbox 180 1383 301 1434; x_wconf 87' lang='lat' dir='ltr'>possit</span> <span class='ocrx_word' id='word_1_166' title='bbox 319 1383 359 1422; x_wconf 91' lang='lat' dir='ltr'>in</span> <span class='ocrx_word' id='word_1_167' title='bbox 379 1397 470 1423; x_wconf 88' lang='lat' dir='ltr'>eum</span> <span class='ocrx_word' id='word_1_168' title='bbox 489 1398 644 1436; x_wconf 80' lang='lat' dir='ltr'>poenam</span> <span class='ocrx_word' id='word_1_169' title='bbox 663 1385 892 1437; x_wconf 78' lang='lat' dir='ltr'>excogitare,</span> <span class='ocrx_word' id='word_1_170' title='bbox 921 1384 989 1436; x_wconf 91' lang='lat' dir='ltr'>qui</span> <span class='ocrx_word' id='word_1_171' title='bbox 1012 1383 1172 1436; x_wconf 86' lang='lat' dir='ltr'>prodere</span> <span class='ocrx_word' id='word_1_172' title='bbox 1197 1381 1317 1420; x_wconf 88' lang='lat' dir='ltr'>hosti-</span> 
     </span>
     <span class='ocr_line' id='line_1_25' title="bbox 180 1438 1317 1493; baseline 0.01 -17"><span class='ocrx_word' id='word_1_173' title='bbox 180 1438 254 1477; x_wconf 92' lang='lat' dir='ltr'>bus</span> <span class='ocrx_word' id='word_1_174' title='bbox 282 1439 447 1491; x_wconf 89' lang='lat' dir='ltr'>patriam</span> <span class='ocrx_word' id='word_1_175' title='bbox 477 1439 684 1491; x_wconf 58' lang='lat' dir='ltr'>cogitarit?</span> <span class='ocrx_word' id='word_1_176' title='bbox 727 1441 832 1493; x_wconf 87' lang='lat' dir='ltr'>quod</span> <span class='ocrx_word' id='word_1_177' title='bbox 860 1443 1095 1483; x_wconf 83' lang='lat' dir='ltr'>maleficium</span> <span class='ocrx_word' id='word_1_178' title='bbox 1124 1459 1214 1485; x_wconf 90' lang='lat' dir='ltr'>cum</span> <span class='ocrx_word' id='word_1_179' title='bbox 1243 1447 1317 1488; x_wconf 89' lang='lat' dir='ltr'>hoc</span> 
     </span>
     <span class='ocr_line' id='line_1_26' title="bbox 179 1493 1316 1554; baseline 0.01 -23"><span class='ocrx_word' id='word_1_180' title='bbox 179 1493 319 1532; x_wconf 86' lang='lat' dir='ltr'>scelere</span> <span class='ocrx_word' id='word_1_181' title='bbox 331 1494 558 1546; x_wconf 85' lang='lat' dir='ltr'>comparari,</span> <span class='ocrx_word' id='word_1_182' title='bbox 569 1495 674 1546; x_wconf 86' lang='lat' dir='ltr'>quod</span> <span class='ocrx_word' id='word_1_183' title='bbox 685 1495 775 1534; x_wconf 88' lang='lat' dir='ltr'>huic</span> <span class='ocrx_word' id='word_1_184' title='bbox 790 1497 978 1537; x_wconf 82' lang='lat' dir='ltr'>maleficio</span> <span class='ocrx_word' id='word_1_185' title='bbox 991 1499 1154 1551; x_wconf 81' lang='lat' dir='ltr'>dignum</span> <span class='ocrx_word' id='word_1_186' title='bbox 1167 1503 1316 1554; x_wconf 88' lang='lat' dir='ltr'>suppli-</span> 
     </span>
     <span class='ocr_line' id='line_1_27' title="bbox 177 1546 1315 1609; baseline 0.011 -23"><span class='ocrx_word' id='word_1_187' title='bbox 177 1546 284 1587; x_wconf 89' lang='lat' dir='ltr'>cium</span> <span class='ocrx_word' id='word_1_188' title='bbox 310 1556 437 1600; x_wconf 88' lang='lat' dir='ltr'>potest</span> <span class='ocrx_word' id='word_1_189' title='bbox 463 1549 658 1588; x_wconf 79' lang='lat' dir='ltr'>inveniri?</span> <span class='ocrx_word' id='word_1_190' title='bbox 701 1551 750 1589; x_wconf 88' lang='lat' dir='ltr'>In</span> <span class='ocrx_word' id='word_1_191' title='bbox 781 1551 841 1599; x_wconf 83' lang='lat' dir='ltr'>iis,</span> <span class='ocrx_word' id='word_1_192' title='bbox 875 1553 943 1604; x_wconf 92' lang='lat' dir='ltr'>qui</span> <span class='ocrx_word' id='word_1_193' title='bbox 973 1554 1177 1595; x_wconf 66' lang='lat' dir='ltr'>violassent</span> <span class='ocrx_word' id='word_1_194' title='bbox 1206 1557 1315 1609; x_wconf 84' lang='lat' dir='ltr'>inge-</span> 
     </span>
     <span class='ocr_line' id='line_1_28' title="bbox 176 1603 1316 1661; baseline 0.011 -21"><span class='ocrx_word' id='word_1_195' title='bbox 176 1614 314 1652; x_wconf 85' lang='lat' dir='ltr'>nuam,</span> <span class='ocrx_word' id='word_1_196' title='bbox 327 1603 660 1643; x_wconf 88' lang='lat' dir='ltr'>matremfamilias</span> <span class='ocrx_word' id='word_1_197' title='bbox 675 1608 997 1658; x_wconf 66' lang='lat' dir='ltr'>constuprassent,</span> <span class='ocrx_word' id='word_1_198' title='bbox 1015 1611 1232 1661; x_wconf 56' lang='lat' dir='ltr'>pulsassent</span> <span class='ocrx_word' id='word_1_199' title='bbox 1243 1612 1316 1651; x_wconf 82' lang='lat' dir='ltr'>ali-</span> 
     </span>
     <span class='ocr_line' id='line_1_29' title="bbox 173 1661 1315 1720; baseline 0.011 -25"><span class='ocrx_word' id='word_1_200' title='bbox 173 1670 308 1709; x_wconf 89' lang='lat' dir='ltr'>quem,</span> <span class='ocrx_word' id='word_1_201' title='bbox 340 1666 408 1697; x_wconf 91' lang='lat' dir='ltr'>aut</span> <span class='ocrx_word' id='word_1_202' title='bbox 440 1667 634 1710; x_wconf 89' lang='lat' dir='ltr'>postremo</span> <span class='ocrx_word' id='word_1_203' title='bbox 666 1661 877 1710; x_wconf 59' lang='lat' dir='ltr'>necassent,</span> <span class='ocrx_word' id='word_1_204' title='bbox 914 1666 1088 1705; x_wconf 85' lang='lat' dir='ltr'>maxima</span> <span class='ocrx_word' id='word_1_205' title='bbox 1124 1667 1315 1720; x_wconf 83' lang='lat' dir='ltr'>supplicia</span> 
     </span>
     <span class='ocr_line' id='line_1_30' title="bbox 175 1712 1311 1767; baseline 0.01 -17"><span class='ocrx_word' id='word_1_206' title='bbox 175 1712 341 1762; x_wconf 63' lang='lat' dir='ltr'>majores</span> <span class='ocrx_word' id='word_1_207' title='bbox 359 1721 676 1754; x_wconf 85' lang='lat' dir='ltr'>consumserunt:</span> <span class='ocrx_word' id='word_1_208' title='bbox 708 1715 799 1755; x_wconf 90' lang='lat' dir='ltr'>huic</span> <span class='ocrx_word' id='word_1_209' title='bbox 822 1719 1148 1761; x_wconf 69' lang='lat' dir='ltr'>truculentissimo</span> <span class='ocrx_word' id='word_1_210' title='bbox 1173 1737 1217 1763; x_wconf 86' lang='lat' dir='ltr'>ac</span> <span class='ocrx_word' id='word_1_211' title='bbox 1242 1738 1311 1767; x_wconf 89' lang='lat' dir='ltr'>ne..</span> 
     </span>
     <span class='ocr_line' id='line_1_31' title="bbox 174 1766 1309 1829; baseline 0.014 -24"><span class='ocrx_word' id='word_1_212' title='bbox 174 1766 273 1806; x_wconf 83' lang='lat' dir='ltr'>fario</span> <span class='ocrx_word' id='word_1_213' title='bbox 297 1767 457 1807; x_wconf 87' lang='lat' dir='ltr'>facinori</span> <span class='ocrx_word' id='word_1_214' title='bbox 485 1768 719 1820; x_wconf 86' lang='lat' dir='ltr'>singularem</span> <span class='ocrx_word' id='word_1_215' title='bbox 747 1784 902 1823; x_wconf 88' lang='lat' dir='ltr'>poenam</span> <span class='ocrx_word' id='word_1_216' title='bbox 930 1786 1008 1813; x_wconf 89' lang='lat' dir='ltr'>non</span> <span class='ocrx_word' id='word_1_217' title='bbox 1036 1777 1276 1829; x_wconf 87' lang='lat' dir='ltr'>reliquerunt</span> <span class='ocrx_word' id='word_1_218' title='bbox 1290 1786 1309 1823; x_wconf 71' lang='grc' dir='ltr'><strong>ἒ</strong></span> 
     </span>
     <span class='ocr_line' id='line_1_32' title="bbox 173 1821 1308 1886; baseline 0.015 -27"><span class='ocrx_word' id='word_1_219' title='bbox 173 1821 325 1884; x_wconf 74' lang='lat' dir='ltr'>Atque,</span> <span class='ocrx_word' id='word_1_220' title='bbox 345 1822 387 1861; x_wconf 92' lang='lat' dir='ltr'>in</span> <span class='ocrx_word' id='word_1_221' title='bbox 406 1822 491 1862; x_wconf 86' lang='lat' dir='ltr'>aliis</span> <span class='ocrx_word' id='word_1_222' title='bbox 509 1824 720 1871; x_wconf 80' lang='lat' dir='ltr'>maleficiis,</span> <span class='ocrx_word' id='word_1_223' title='bbox 742 1827 791 1865; x_wconf 87' lang='lat' dir='ltr'>ad</span> <span class='ocrx_word' id='word_1_224' title='bbox 810 1827 982 1879; x_wconf 85' lang='lat' dir='ltr'>singulos</span> <span class='ocrx_word' id='word_1_225' title='bbox 1000 1839 1068 1870; x_wconf 84' lang='lat' dir='ltr'>aut</span> <span class='ocrx_word' id='word_1_226' title='bbox 1082 1833 1132 1870; x_wconf 85' lang='lat' dir='ltr'>ad</span> <span class='ocrx_word' id='word_1_227' title='bbox 1150 1847 1308 1886; x_wconf 82' lang='lat' dir='ltr'>paucos,</span> 
     </span>
     <span class='ocr_line' id='line_1_33' title="bbox 173 1876 1309 1939; baseline 0.015 -25"><span class='ocrx_word' id='word_1_228' title='bbox 173 1876 376 1939; x_wconf 37' lang='lat' dir='ltr'>ezr-aheno</span> <span class='ocrx_word' id='word_1_229' title='bbox 403 1885 572 1930; x_wconf 82' lang='lat' dir='ltr'>peccato,</span> <span class='ocrx_word' id='word_1_230' title='bbox 607 1879 749 1929; x_wconf 82' lang='lat' dir='ltr'>injuria</span> <span class='ocrx_word' id='word_1_231' title='bbox 778 1884 977 1934; x_wconf 84' lang='lat' dir='ltr'>pervenit;</span> <span class='ocrx_word' id='word_1_232' title='bbox 1007 1885 1125 1936; x_wconf 90' lang='lat' dir='ltr'>hujus</span> <span class='ocrx_word' id='word_1_233' title='bbox 1159 1891 1309 1932; x_wconf 85' lang='lat' dir='ltr'>sceleris</span> 
     </span>
     <span class='ocr_line' id='line_1_34' title="bbox 171 1931 1310 1986; baseline 0.011 -18"><span class='ocrx_word' id='word_1_234' title='bbox 171 1944 242 1983; x_wconf 78' lang='lat' dir='ltr'>qui</span> <span class='ocrx_word' id='word_1_235' title='bbox 259 1938 351 1970; x_wconf 90' lang='lat' dir='ltr'>sunt</span> <span class='ocrx_word' id='word_1_236' title='bbox 369 1931 515 1979; x_wconf 86' lang='lat' dir='ltr'>affines,</span> <span class='ocrx_word' id='word_1_237' title='bbox 535 1946 614 1973; x_wconf 89' lang='lat' dir='ltr'>uno</span> <span class='ocrx_word' id='word_1_238' title='bbox 640 1935 797 1974; x_wconf 89' lang='lat' dir='ltr'>consilio</span> <span class='ocrx_word' id='word_1_239' title='bbox 823 1938 1010 1978; x_wconf 64' lang='lat' dir='ltr'>universis</span> <span class='ocrx_word' id='word_1_240' title='bbox 1036 1942 1182 1982; x_wconf 69' lang='lat' dir='ltr'>civibus</span> <span class='ocrx_word' id='word_1_241' title='bbox 1207 1954 1310 1986; x_wconf 85' lang='lat' dir='ltr'>atro-</span> 
     </span>
     <span class='ocr_line' id='line_1_35' title="bbox 171 1985 1303 2040; baseline 0.015 -16"><span class='ocrx_word' id='word_1_242' title='bbox 171 1985 342 2025; x_wconf 87' lang='lat' dir='ltr'>cissimas</span> <span class='ocrx_word' id='word_1_243' title='bbox 360 1987 596 2027; x_wconf 82' lang='lat' dir='ltr'>calamitates</span> <span class='ocrx_word' id='word_1_244' title='bbox 614 1990 898 2030; x_wconf 87' lang='lat' dir='ltr'>machinantur.</span> <span class='ocrx_word' id='word_1_245' title='bbox 954 1994 992 2033; x_wconf 89' lang='lat' dir='ltr'><em>O</em></span> <span class='ocrx_word' id='word_1_246' title='bbox 1013 1995 1112 2035; x_wconf 88' lang='lat' dir='ltr'>feros</span> <span class='ocrx_word' id='word_1_247' title='bbox 1130 1999 1303 2040; x_wconf 86' lang='lat' dir='ltr'>animos!</span> 
     </span>
     <span class='ocr_line' id='line_1_36' title="bbox 169 2040 1306 2095; baseline 0.009 -15"><span class='ocrx_word' id='word_1_248' title='bbox 169 2053 195 2079; x_wconf 91' lang='lat' dir='ltr'>o</span> <span class='ocrx_word' id='word_1_249' title='bbox 209 2040 380 2080; x_wconf 89' lang='lat' dir='ltr'>crudeles</span> <span class='ocrx_word' id='word_1_250' title='bbox 399 2042 671 2094; x_wconf 86' lang='lat' dir='ltr'>cogitationes!</span> <span class='ocrx_word' id='word_1_251' title='bbox 709 2058 733 2084; x_wconf 90' lang='grc' dir='ltr'>ο</span> <span class='ocrx_word' id='word_1_252' title='bbox 752 2045 950 2087; x_wconf 84' lang='lat' dir='ltr'>derelictos</span> <span class='ocrx_word' id='word_1_253' title='bbox 969 2049 1144 2090; x_wconf 85' lang='lat' dir='ltr'>homines</span> <span class='ocrx_word' id='word_1_254' title='bbox 1162 2055 1211 2092; x_wconf 87' lang='lat' dir='ltr'>ab</span> <span class='ocrx_word' id='word_1_255' title='bbox 1231 2055 1306 2095; x_wconf 88' lang='lat' dir='ltr'>hu-</span> 
     </span>
     <span class='ocr_line' id='line_1_37' title="bbox 169 2094 1304 2160; baseline 0.011 -28"><span class='ocrx_word' id='word_1_256' title='bbox 169 2094 357 2134; x_wconf 87' lang='lat' dir='ltr'>manitate</span> <span class='ocrx_word' id='word_1_257' title='bbox 373 2095 383 2134; x_wconf 86' lang='lat'>!</span> <span class='ocrx_word' id='word_1_258' title='bbox 415 2096 482 2148; x_wconf 87' lang='lat' dir='ltr'>qui</span> <span class='ocrx_word' id='word_1_259' title='bbox 501 2096 542 2135; x_wconf 91' lang='lat' dir='ltr'>id</span> <span class='ocrx_word' id='word_1_260' title='bbox 560 2111 671 2150; x_wconf 88' lang='lat' dir='ltr'>agere</span> <span class='ocrx_word' id='word_1_261' title='bbox 689 2100 772 2138; x_wconf 87' lang='lat' dir='ltr'>ausi</span> <span class='ocrx_word' id='word_1_262' title='bbox 791 2111 896 2148; x_wconf 84' lang='lat' dir='ltr'>sunt,</span> <span class='ocrx_word' id='word_1_263' title='bbox 918 2112 985 2142; x_wconf 89' lang='lat' dir='ltr'>aut</span> <span class='ocrx_word' id='word_1_264' title='bbox 1005 2105 1170 2158; x_wconf 80' lang='lat' dir='ltr'>cogitare</span> <span class='ocrx_word' id='word_1_265' title='bbox 1188 2119 1304 2160; x_wconf 81' lang='lat' dir='ltr'>potu-</span> 
     </span>
     <span class='ocr_line' id='line_1_38' title="bbox 167 2152 1300 2214; baseline 0.015 -27"><span class='ocrx_word' id='word_1_266' title='bbox 167 2156 299 2212; x_wconf 61' lang='lat' dir='ltr'>erunt,</span> <span class='ocrx_word' id='word_1_267' title='bbox 317 2163 396 2203; x_wconf 92' lang='lat' dir='ltr'>quo</span> <span class='ocrx_word' id='word_1_268' title='bbox 415 2158 527 2212; x_wconf 71' lang='lat' dir='ltr'>pacto</span> <span class='ocrx_word' id='word_1_269' title='bbox 544 2152 686 2202; x_wconf 88' lang='lat' dir='ltr'>hostes,</span> <span class='ocrx_word' id='word_1_270' title='bbox 706 2156 865 2194; x_wconf 85' lang='lat' dir='ltr'>revulsis</span> <span class='ocrx_word' id='word_1_271' title='bbox 884 2159 1079 2208; x_wconf 88' lang='lat' dir='ltr'>majorum</span> <span class='ocrx_word' id='word_1_272' title='bbox 1102 2164 1300 2214; x_wconf 88' lang='lat' dir='ltr'>sepulcris,</span> 
     </span>
     <span class='ocr_line' id='line_1_39' title="bbox 164 2203 1299 2304; baseline 0.015 -61"><span class='ocrx_word' id='word_1_273' title='bbox 164 2203 321 2304; x_wconf 41' lang='lat' dir='ltr'>deielc‘tzs</span> <span class='ocrx_word' id='word_1_274' title='bbox 355 2207 561 2254; x_wconf 84' lang='lat' dir='ltr'>moembus,</span> <span class='ocrx_word' id='word_1_275' title='bbox 595 2217 752 2250; x_wconf 84' lang='lat' dir='ltr'>ovantes</span> <span class='ocrx_word' id='word_1_276' title='bbox 783 2210 973 2253; x_wconf 87' lang='lat' dir='ltr'>irruerent</span> <span class='ocrx_word' id='word_1_277' title='bbox 1004 2214 1046 2255; x_wconf 87' lang='lat' dir='ltr'>in</span> <span class='ocrx_word' id='word_1_278' title='bbox 1078 2215 1299 2267; x_wconf 82' lang='lat' dir='ltr'>civitate1n3</span> 
     </span>
    </p>

    <p class='ocr_par' dir='ltr' id='par_1_5' title="bbox 307 2267 970 2309">
     <span class='ocr_line' id='line_1_40' title="bbox 307 2267 970 2309; baseline 0.011 -9"><span class='ocrx_word' id='word_1_279' title='bbox 307 2267 422 2309; x_wconf 69' lang='lat' dir='ltr'>otor.)</span> <span class='ocrx_word' id='word_1_280' title='bbox 443 2272 549 2303; x_wconf 68' lang='lat' dir='ltr'>vol..</span> <span class='ocrx_word' id='word_1_281' title='bbox 575 2274 626 2303; x_wconf 87' lang='lat'>11.</span> <span class='ocrx_word' id='word_1_282' title='bbox 940 2279 970 2307; x_wconf 81' lang='lat' dir='ltr'>u</span> 
     </span>
    </p>
   </div>
  </div>
 </body>
</html>
