<?xml version="1.0" encoding="UTF-8"?>
<!DOCTYPE html PUBLIC "-//W3C//DTD XHTML 1.0 Transitional//EN"
    "http://www.w3.org/TR/xhtml1/DTD/xhtml1-transitional.dtd">
<html xmlns="http://www.w3.org/1999/xhtml" xml:lang="en" lang="en">
 <head>
  <title>
</title>
<meta http-equiv="Content-Type" content="text/html;charset=utf-8" />
  <meta name='ocr-system' content='tesseract 3.04.00' />
  <meta name='ocr-capabilities' content='ocr_page ocr_carea ocr_par ocr_line ocrx_word'/>
</head>
<body>
  <div class='ocr_page' id='page_1' title='image "./operaern02ciceuoft_0153.png"; bbox 0 0 1456 2396; ppageno 0'>
   <div class='ocr_carea' id='block_1_1' title="bbox 7 0 40 2396">
    <p class='ocr_par' dir='ltr' id='par_1_1' title="bbox 7 0 40 2396">
     <span class='ocr_line' id='line_1_1' title="bbox 7 0 40 2396; baseline 0 0"><span class='ocrx_word' id='word_1_1' title='bbox 7 0 40 2396; x_wconf 95' lang='lat' dir='ltr'><strong> </strong></span> 
     </span>
    </p>
   </div>
   <div class='ocr_carea' id='block_1_2' title="bbox 286 65 1246 110">
    <p class='ocr_par' dir='ltr' id='par_1_2' title="bbox 286 65 1246 110">
     <span class='ocr_line' id='line_1_2' title="bbox 286 65 1246 110; baseline -0.002 -2"><span class='ocrx_word' id='word_1_2' title='bbox 286 67 364 108; x_wconf 88' lang='lat' dir='ltr'><strong>DE</strong></span> <span class='ocrx_word' id='word_1_3' title='bbox 393 67 521 109; x_wconf 90' lang='lat' dir='ltr'><strong>OPT.</strong></span> <span class='ocrx_word' id='word_1_4' title='bbox 543 65 676 108; x_wconf 82' lang='lat' dir='ltr'><strong>GEN.</strong></span> <span class='ocrx_word' id='word_1_5' title='bbox 698 65 874 109; x_wconf 85' lang='lat' dir='ltr'>ORAT</span> <span class='ocrx_word' id='word_1_6' title='bbox 905 65 1010 110; x_wconf 73' lang='lat' dir='ltr'><strong>CAP</strong></span> <span class='ocrx_word' id='word_1_7' title='bbox 1033 67 1074 106; x_wconf 80' lang='grc'>6.</span> <span class='ocrx_word' id='word_1_8' title='bbox 1169 66 1246 108; x_wconf 85' lang='grc'><strong>139</strong></span> 
     </span>
    </p>
   </div>
   <div class='ocr_carea' id='block_1_3' title="bbox 99 177 1239 1377">
    <p class='ocr_par' dir='ltr' id='par_1_3' title="bbox 110 177 1239 392">
     <span class='ocr_line' id='line_1_3' title="bbox 115 177 1239 242; baseline -0.002 -22"><span class='ocrx_word' id='word_1_9' title='bbox 115 180 370 234; x_wconf 80' lang='lat' dir='ltr'><strong>eloquentiam</strong></span> <span class='ocrx_word' id='word_1_10' title='bbox 390 180 641 219; x_wconf 86' lang='lat' dir='ltr'><strong>admirantur.</strong></span> <span class='ocrx_word' id='word_1_11' title='bbox 672 179 722 218; x_wconf 91' lang='lat' dir='ltr'><strong>Id</strong></span> <span class='ocrx_word' id='word_1_12' title='bbox 741 179 898 242; x_wconf 87' lang='lat' dir='ltr'><strong>quidem</strong></span> <span class='ocrx_word' id='word_1_13' title='bbox 913 187 1039 225; x_wconf 77' lang='lat' dir='ltr'><strong>recte3</strong></span> <span class='ocrx_word' id='word_1_14' title='bbox 1061 179 1126 219; x_wconf 87' lang='lat' dir='ltr'><strong>sed</strong></span> <span class='ocrx_word' id='word_1_15' title='bbox 1141 177 1239 218; x_wconf 91' lang='lat' dir='ltr'><strong>nihil</strong></span> 
     </span>
     <span class='ocr_line' id='line_1_4' title="bbox 112 209 1237 287; baseline -0.001 -13"><span class='ocrx_word' id='word_1_16' title='bbox 112 236 162 274; x_wconf 87' lang='lat' dir='ltr'><strong>ad</strong></span> <span class='ocrx_word' id='word_1_17' title='bbox 180 249 270 274; x_wconf 91' lang='lat' dir='ltr'><strong>eum</strong></span> <span class='ocrx_word' id='word_1_18' title='bbox 288 242 491 286; x_wconf 82' lang='grc'>0131010111,</span> <span class='ocrx_word' id='word_1_19' title='bbox 511 248 629 287; x_wconf 86' lang='grc'>(1110111</span> <span class='ocrx_word' id='word_1_20' title='bbox 648 235 870 287; x_wconf 86' lang='lat' dir='ltr'><strong>quaerimus.</strong></span> <span class='ocrx_word' id='word_1_21' title='bbox 913 209 1040 272; x_wconf 81' lang='lat' dir='ltr'><strong>Aliud</strong></span> <span class='ocrx_word' id='word_1_22' title='bbox 1058 242 1113 273; x_wconf 89' lang='lat' dir='ltr'><strong>est</strong></span> <span class='ocrx_word' id='word_1_23' title='bbox 1133 233 1237 273; x_wconf 89' lang='grc'>0111111</span> 
     </span>
     <span class='ocr_line' id='line_1_5' title="bbox 112 283 1235 352; baseline -0.001 -24"><span class='ocrx_word' id='word_1_24' title='bbox 112 283 301 352; x_wconf 81' lang='lat' dir='ltr'><strong>explicare</strong></span> <span class='ocrx_word' id='word_1_25' title='bbox 328 302 387 327; x_wconf 89' lang='lat' dir='ltr'><strong>res</strong></span> <span class='ocrx_word' id='word_1_26' title='bbox 411 296 536 340; x_wconf 86' lang='lat' dir='ltr'><strong>gestas</strong></span> <span class='ocrx_word' id='word_1_27' title='bbox 564 289 769 337; x_wconf 85' lang='lat' dir='ltr'><strong>narrando,</strong></span> <span class='ocrx_word' id='word_1_28' title='bbox 797 288 904 327; x_wconf 88' lang='lat' dir='ltr'><strong>aliud</strong></span> <span class='ocrx_word' id='word_1_29' title='bbox 929 288 1235 340; x_wconf 85' lang='lat' dir='ltr'><strong>argumentando</strong></span> 
     </span>
     <span class='ocr_line' id='line_1_6' title="bbox 110 343 1235 392; baseline -0.001 -10"><span class='ocrx_word' id='word_1_30' title='bbox 110 344 316 392; x_wconf 86' lang='lat' dir='ltr'><strong>criminari,</strong></span> <span class='ocrx_word' id='word_1_31' title='bbox 337 343 528 381; x_wconf 88' lang='lat' dir='ltr'><strong>crimenve</strong></span> <span class='ocrx_word' id='word_1_32' title='bbox 547 343 773 382; x_wconf 84' lang='lat' dir='ltr'><strong>dissolvere.</strong></span> <span class='ocrx_word' id='word_1_33' title='bbox 804 343 912 381; x_wconf 86' lang='lat' dir='ltr'><strong>aliud</strong></span> <span class='ocrx_word' id='word_1_34' title='bbox 936 344 1152 381; x_wconf 85' lang='lat' dir='ltr'>narratione</span> <span class='ocrx_word' id='word_1_35' title='bbox 1178 350 1235 381; x_wconf 83' lang='lat' dir='ltr'><strong>te·</strong></span> 
     </span>
    </p>

    <p class='ocr_par' dir='ltr' id='par_1_4' title="bbox 109 397 1234 449">
     <span class='ocr_line' id='line_1_7' title="bbox 109 397 1234 449; baseline -0.002 -13"><span class='ocrx_word' id='word_1_36' title='bbox 109 410 199 436; x_wconf 90' lang='lat' dir='ltr'><strong>nere</strong></span> <span class='ocrx_word' id='word_1_37' title='bbox 227 397 455 446; x_wconf 73' lang='lat' dir='ltr'><strong>auditorem,</strong></span> <span class='ocrx_word' id='word_1_38' title='bbox 487 397 594 435; x_wconf 88' lang='lat' dir='ltr'><strong>aliud</strong></span> <span class='ocrx_word' id='word_1_39' title='bbox 619 397 818 436; x_wconf 88' lang='lat' dir='ltr'><strong>concitare.</strong></span> <span class='ocrx_word' id='word_1_40' title='bbox 858 397 918 435; x_wconf 92' lang='lat' dir='ltr'><strong>At</strong></span> <span class='ocrx_word' id='word_1_41' title='bbox 946 397 1119 449; x_wconf 90' lang='lat' dir='ltr'><strong>loquitur</strong></span> <span class='ocrx_word' id='word_1_42' title='bbox 1143 397 1234 449; x_wconf 88' lang='lat' dir='ltr'><strong>pul-</strong></span> 
     </span>
    </p>

    <p class='ocr_par' dir='ltr' id='par_1_5' title="bbox 103 451 1233 667">
     <span class='ocr_line' id='line_1_8' title="bbox 109 451 1231 504; baseline -0.002 -13"><span class='ocrx_word' id='word_1_43' title='bbox 109 452 210 491; x_wconf 87' lang='lat' dir='ltr'><strong>chre.</strong></span> <span class='ocrx_word' id='word_1_44' title='bbox 267 451 379 490; x_wconf 93' lang='lat' dir='ltr'><strong>Num</strong></span> <span class='ocrx_word' id='word_1_45' title='bbox 409 452 548 490; x_wconf 91' lang='lat' dir='ltr'><strong>melius</strong></span> <span class='ocrx_word' id='word_1_46' title='bbox 577 465 697 504; x_wconf 90' lang='lat' dir='ltr'><strong>quam</strong></span> <span class='ocrx_word' id='word_1_47' title='bbox 728 452 873 490; x_wconf 77' lang='lat' dir='ltr'><strong>Plato?</strong></span> <span class='ocrx_word' id='word_1_48' title='bbox 904 452 1070 490; x_wconf 83' lang='lat' dir='ltr'><strong>Necesse</strong></span> <span class='ocrx_word' id='word_1_49' title='bbox 1100 459 1231 489; x_wconf 89' lang='lat' dir='ltr'><strong>tamen</strong></span> 
     </span>
     <span class='ocr_line' id='line_1_9' title="bbox 107 505 1232 558; baseline 0 -14"><span class='ocrx_word' id='word_1_50' title='bbox 107 514 164 545; x_wconf 60' lang='grc'><strong>051</strong></span> <span class='ocrx_word' id='word_1_51' title='bbox 180 506 333 555; x_wconf 88' lang='lat' dir='ltr'><strong>oratori,</strong></span> <span class='ocrx_word' id='word_1_52' title='bbox 353 519 471 558; x_wconf 91' lang='lat' dir='ltr'><strong>quem</strong></span> <span class='ocrx_word' id='word_1_53' title='bbox 494 507 717 558; x_wconf 88' lang='lat' dir='ltr'><strong>quaerimus,</strong></span> <span class='ocrx_word' id='word_1_54' title='bbox 745 505 1015 545; x_wconf 84' lang='lat' dir='ltr'><strong>controversias</strong></span> <span class='ocrx_word' id='word_1_55' title='bbox 1041 506 1232 557; x_wconf 85' lang='lat' dir='ltr'><strong>explicare</strong></span> 
     </span>
     <span class='ocr_line' id='line_1_10' title="bbox 106 560 1233 612; baseline 0 -13"><span class='ocrx_word' id='word_1_56' title='bbox 106 560 272 599; x_wconf 58' lang='lat' dir='ltr'><strong>forenses</strong></span> <span class='ocrx_word' id='word_1_57' title='bbox 289 560 440 599; x_wconf 88' lang='lat' dir='ltr'><strong>dicendi</strong></span> <span class='ocrx_word' id='word_1_58' title='bbox 457 573 595 612; x_wconf 89' lang='lat' dir='ltr'><strong>genere</strong></span> <span class='ocrx_word' id='word_1_59' title='bbox 614 568 704 612; x_wconf 88' lang='lat' dir='ltr'><strong>apto</strong></span> <span class='ocrx_word' id='word_1_60' title='bbox 722 561 772 599; x_wconf 87' lang='lat' dir='ltr'><strong>ad</strong></span> <span class='ocrx_word' id='word_1_61' title='bbox 790 560 1022 610; x_wconf 89' lang='lat' dir='ltr'><strong>docendum,</strong></span> <span class='ocrx_word' id='word_1_62' title='bbox 1043 561 1093 600; x_wconf 87' lang='lat' dir='ltr'><strong>ad</strong></span> <span class='ocrx_word' id='word_1_63' title='bbox 1107 560 1233 599; x_wconf 86' lang='lat' dir='ltr'><strong>delec-</strong></span> 
     </span>
     <span class='ocr_line' id='line_1_11' title="bbox 103 614 686 667; baseline -0.002 -14"><span class='ocrx_word' id='word_1_64' title='bbox 103 614 283 664; x_wconf 81' lang='lat' dir='ltr'><strong>tandum,</strong></span> <span class='ocrx_word' id='word_1_65' title='bbox 303 615 353 653; x_wconf 85' lang='lat' dir='ltr'><strong>ad</strong></span> <span class='ocrx_word' id='word_1_66' title='bbox 370 615 686 667; x_wconf 86' lang='lat' dir='ltr'><strong>permovendum.</strong></span> 
     </span>
    </p>

    <p class='ocr_par' dir='ltr' id='par_1_6' title="bbox 99 668 1236 1377">
     <span class='ocr_line' id='line_1_12' title="bbox 160 668 1230 721; baseline 0 -14"><span class='ocrx_word' id='word_1_67' title='bbox 160 669 236 708; x_wconf 90' lang='lat' dir='ltr'><strong>VI.</strong></span> <span class='ocrx_word' id='word_1_68' title='bbox 267 669 413 719; x_wconf 81' lang='lat' dir='ltr'><strong>Quare,</strong></span> <span class='ocrx_word' id='word_1_69' title='bbox 440 669 472 708; x_wconf 87' lang='lat' dir='ltr'><strong>si</strong></span> <span class='ocrx_word' id='word_1_70' title='bbox 497 670 584 721; x_wconf 87' lang='lat' dir='ltr'><strong>quis</strong></span> <span class='ocrx_word' id='word_1_71' title='bbox 611 670 695 719; x_wconf 91' lang='lat' dir='ltr'><strong>erit,</strong></span> <span class='ocrx_word' id='word_1_72' title='bbox 723 668 792 721; x_wconf 91' lang='lat' dir='ltr'><strong>qui</strong></span> <span class='ocrx_word' id='word_1_73' title='bbox 818 668 1066 721; x_wconf 88' lang='lat' dir='ltr'><strong>Thucydidio</strong></span> <span class='ocrx_word' id='word_1_74' title='bbox 1091 682 1230 720; x_wconf 87' lang='lat' dir='ltr'><strong>genere</strong></span> 
     </span>
     <span class='ocr_line' id='line_1_13' title="bbox 103 723 1229 775; baseline -0.001 -13"><span class='ocrx_word' id='word_1_75' title='bbox 103 737 236 762; x_wconf 83' lang='lat' dir='ltr'>causas</span> <span class='ocrx_word' id='word_1_76' title='bbox 254 723 294 761; x_wconf 91' lang='lat' dir='ltr'><strong>in</strong></span> <span class='ocrx_word' id='word_1_77' title='bbox 313 723 395 763; x_wconf 87' lang='lat' dir='ltr'><strong>foro</strong></span> <span class='ocrx_word' id='word_1_78' title='bbox 413 723 607 762; x_wconf 87' lang='lat' dir='ltr'><strong>dicturum</strong></span> <span class='ocrx_word' id='word_1_79' title='bbox 627 737 666 762; x_wconf 92' lang='lat' dir='ltr'><strong>se</strong></span> <span class='ocrx_word' id='word_1_80' title='bbox 685 737 764 763; x_wconf 89' lang='lat' dir='ltr'><strong>esse</strong></span> <span class='ocrx_word' id='word_1_81' title='bbox 782 723 1019 775; x_wconf 86' lang='lat' dir='ltr'><strong>profiteatur,</strong></span> <span class='ocrx_word' id='word_1_82' title='bbox 1040 723 1072 762; x_wconf 91' lang='lat' dir='ltr'><strong>is</strong></span> <span class='ocrx_word' id='word_1_83' title='bbox 1091 723 1229 762; x_wconf 89' lang='lat' dir='ltr'><strong>abhor-</strong></span> 
     </span>
     <span class='ocr_line' id='line_1_14' title="bbox 102 777 1231 830; baseline -0.001 -14"><span class='ocrx_word' id='word_1_84' title='bbox 102 785 182 816; x_wconf 65' lang='lat' dir='ltr'><strong>rfflt</strong></span> <span class='ocrx_word' id='word_1_85' title='bbox 193 778 309 816; x_wconf 86' lang='lat' dir='ltr'><strong>etiarn</strong></span> <span class='ocrx_word' id='word_1_86' title='bbox 320 791 344 816; x_wconf 92' lang='lat' dir='ltr'><strong>a</strong></span> <span class='ocrx_word' id='word_1_87' title='bbox 355 779 568 830; x_wconf 88' lang='lat' dir='ltr'><strong>suspicione</strong></span> <span class='ocrx_word' id='word_1_88' title='bbox 579 779 676 828; x_wconf 87' lang='lat' dir='ltr'><strong>ejus,</strong></span> <span class='ocrx_word' id='word_1_89' title='bbox 692 777 820 830; x_wconf 86' lang='lat' dir='ltr'><strong>[quae]</strong></span> <span class='ocrx_word' id='word_1_90' title='bbox 836 785 1007 816; x_wconf 83' lang='lat' dir='ltr'><strong>versatur</strong></span> <span class='ocrx_word' id='word_1_91' title='bbox 1017 778 1058 815; x_wconf 91' lang='lat' dir='ltr'><strong>in</strong></span> <span class='ocrx_word' id='word_1_92' title='bbox 1071 791 1112 816; x_wconf 90' lang='lat' dir='ltr'><strong>re</strong></span> <span class='ocrx_word' id='word_1_93' title='bbox 1126 778 1231 817; x_wconf 88' lang='lat' dir='ltr'><strong>civili</strong></span> 
     </span>
     <span class='ocr_line' id='line_1_15' title="bbox 102 831 1226 885; baseline 0 -15"><span class='ocrx_word' id='word_1_94' title='bbox 102 839 141 870; x_wconf 89' lang='lat' dir='ltr'><strong>et</strong></span> <span class='ocrx_word' id='word_1_95' title='bbox 158 831 322 871; x_wconf 82' lang='lat' dir='ltr'><strong>forensi:</strong></span> <span class='ocrx_word' id='word_1_96' title='bbox 344 832 413 884; x_wconf 89' lang='lat' dir='ltr'><strong>qui</strong></span> <span class='ocrx_word' id='word_1_97' title='bbox 427 833 699 885; x_wconf 85' lang='lat' dir='ltr'><strong>Thucydidem</strong></span> <span class='ocrx_word' id='word_1_98' title='bbox 716 832 944 884; x_wconf 86' lang='lat' dir='ltr'><strong>[laudavit,]</strong></span> <span class='ocrx_word' id='word_1_99' title='bbox 962 846 1041 871; x_wconf 90' lang='lat' dir='ltr'><strong>suae</strong></span> <span class='ocrx_word' id='word_1_100' title='bbox 1055 840 1226 871; x_wconf 87' lang='lat' dir='ltr'><strong>nostram</strong></span> 
     </span>
     <span class='ocr_line' id='line_1_16' title="bbox 102 886 1227 939; baseline 0 -15"><span class='ocrx_word' id='word_1_101' title='bbox 102 886 293 925; x_wconf 80' lang='lat' dir='ltr'><strong>adscribat</strong></span> <span class='ocrx_word' id='word_1_102' title='bbox 310 888 550 926; x_wconf 79' lang='lat' dir='ltr'><strong>sententiam.</strong></span> <span class='ocrx_word' id='word_1_103' title='bbox 585 888 695 936; x_wconf 83' lang='lat' dir='ltr'><strong>Quin</strong></span> <span class='ocrx_word' id='word_1_104' title='bbox 713 888 844 939; x_wconf 89' lang='lat' dir='ltr'><strong>ipsum</strong></span> <span class='ocrx_word' id='word_1_105' title='bbox 864 887 1087 935; x_wconf 88' lang='lat' dir='ltr'><strong>Isocratem,</strong></span> <span class='ocrx_word' id='word_1_106' title='bbox 1109 899 1227 938; x_wconf 90' lang='lat' dir='ltr'><strong>quem</strong></span> 
     </span>
     <span class='ocr_line' id='line_1_17' title="bbox 99 940 1229 993; baseline -0.002 -13"><span class='ocrx_word' id='word_1_107' title='bbox 99 940 254 980; x_wconf 74' lang='lat' dir='ltr'><strong>divinus</strong></span> <span class='ocrx_word' id='word_1_108' title='bbox 272 948 403 980; x_wconf 81' lang='lat' dir='ltr'><strong>auctor</strong></span> <span class='ocrx_word' id='word_1_109' title='bbox 418 942 545 991; x_wconf 88' lang='lat' dir='ltr'><strong>Plato,</strong></span> <span class='ocrx_word' id='word_1_110' title='bbox 566 955 681 980; x_wconf 89' lang='lat' dir='ltr'><strong>suum</strong></span> <span class='ocrx_word' id='word_1_111' title='bbox 700 941 778 980; x_wconf 84' lang='lat' dir='ltr'><strong>fere</strong></span> <span class='ocrx_word' id='word_1_112' title='bbox 794 941 998 993; x_wconf 84' lang='lat' dir='ltr'><strong>aequalem,</strong></span> <span class='ocrx_word' id='word_1_113' title='bbox 1020 940 1229 979; x_wconf 79' lang='lat' dir='ltr'><strong>admirabi-</strong></span> 
     </span>
     <span class='ocr_line' id='line_1_18' title="bbox 101 995 1236 1047; baseline -0.001 -13"><span class='ocrx_word' id='word_1_114' title='bbox 101 995 189 1034; x_wconf 88' lang='lat' dir='ltr'><strong>liter</strong></span> <span class='ocrx_word' id='word_1_115' title='bbox 217 996 259 1034; x_wconf 93' lang='lat' dir='ltr'><strong>in</strong></span> <span class='ocrx_word' id='word_1_116' title='bbox 290 996 456 1035; x_wconf 87' lang='lat' dir='ltr'><strong>Phaedro</strong></span> <span class='ocrx_word' id='word_1_117' title='bbox 483 997 633 1035; x_wconf 83' lang='lat' dir='ltr'><strong>laudari</strong></span> <span class='ocrx_word' id='word_1_118' title='bbox 658 997 747 1035; x_wconf 88' lang='lat' dir='ltr'><strong>fecit</strong></span> <span class='ocrx_word' id='word_1_119' title='bbox 777 1010 800 1035; x_wconf 90' lang='lat' dir='ltr'><strong>a</strong></span> <span class='ocrx_word' id='word_1_120' title='bbox 830 997 997 1044; x_wconf 87' lang='lat' dir='ltr'><strong>Socrate,</strong></span> <span class='ocrx_word' id='word_1_121' title='bbox 1031 1008 1236 1047; x_wconf 79' lang='lat' dir='ltr'><strong>quemque</strong></span> 
     </span>
     <span class='ocr_line' id='line_1_19' title="bbox 101 1050 1227 1098; baseline -0.001 -10"><span class='ocrx_word' id='word_1_122' title='bbox 101 1062 234 1089; x_wconf 89' lang='lat' dir='ltr'><strong>omnes</strong></span> <span class='ocrx_word' id='word_1_123' title='bbox 252 1050 354 1090; x_wconf 85' lang='lat' dir='ltr'><strong>docti</strong></span> <span class='ocrx_word' id='word_1_124' title='bbox 368 1064 568 1090; x_wconf 89' lang='lat' dir='ltr'><strong>summum</strong></span> <span class='ocrx_word' id='word_1_125' title='bbox 582 1059 771 1089; x_wconf 82' lang='lat' dir='ltr'><strong>oratorem</strong></span> <span class='ocrx_word' id='word_1_126' title='bbox 791 1063 869 1089; x_wconf 87' lang='lat' dir='ltr'><strong>esse</strong></span> <span class='ocrx_word' id='word_1_127' title='bbox 883 1050 1079 1098; x_wconf 80' lang='lat' dir='ltr'><strong>dixerunt,</strong></span> <span class='ocrx_word' id='word_1_128' title='bbox 1096 1057 1227 1088; x_wconf 89' lang='lat' dir='ltr'><strong>tamen</strong></span> 
     </span>
     <span class='ocr_line' id='line_1_20' title="bbox 101 1104 1227 1157; baseline -0.002 -13"><span class='ocrx_word' id='word_1_129' title='bbox 101 1105 265 1145; x_wconf 84' lang='grc'>1111110111</span> <span class='ocrx_word' id='word_1_130' title='bbox 290 1117 452 1144; x_wconf 89' lang='lat' dir='ltr'><strong>numero</strong></span> <span class='ocrx_word' id='word_1_131' title='bbox 470 1118 548 1145; x_wconf 92' lang='lat' dir='ltr'><strong>non</strong></span> <span class='ocrx_word' id='word_1_132' title='bbox 567 1119 734 1157; x_wconf 75' lang='lat' dir='ltr'><strong>rzepono</strong></span> <span class='ocrx_word' id='word_1_133' title='bbox 764 1118 842 1143; x_wconf 93' lang='lat' dir='ltr'><strong>non</strong></span> <span class='ocrx_word' id='word_1_134' title='bbox 861 1104 964 1143; x_wconf 87' lang='lat' dir='ltr'><strong>enim</strong></span> <span class='ocrx_word' id='word_1_135' title='bbox 984 1104 1026 1142; x_wconf 92' lang='lat' dir='ltr'><strong>in</strong></span> <span class='ocrx_word' id='word_1_136' title='bbox 1044 1104 1124 1143; x_wconf 87' lang='lat' dir='ltr'><strong>acie</strong></span> <span class='ocrx_word' id='word_1_137' title='bbox 1143 1117 1227 1143; x_wconf 87' lang='lat' dir='ltr'><strong>ver-</strong></span> 
     </span>
     <span class='ocr_line' id='line_1_21' title="bbox 99 1159 1225 1212; baseline -0.002 -14"><span class='ocrx_word' id='word_1_138' title='bbox 99 1168 220 1208; x_wconf 86' lang='lat' dir='ltr'><strong>satur,</strong></span> <span class='ocrx_word' id='word_1_139' title='bbox 249 1167 287 1199; x_wconf 86' lang='lat' dir='ltr'><strong>et</strong></span> <span class='ocrx_word' id='word_1_140' title='bbox 305 1160 429 1199; x_wconf 88' lang='lat' dir='ltr'><strong>ferro:</strong></span> <span class='ocrx_word' id='word_1_141' title='bbox 461 1160 571 1212; x_wconf 85' lang='lat' dir='ltr'><strong>quasi</strong></span> <span class='ocrx_word' id='word_1_142' title='bbox 589 1161 750 1199; x_wconf 89' lang='lat' dir='ltr'><strong>rudibus</strong></span> <span class='ocrx_word' id='word_1_143' title='bbox 770 1161 852 1209; x_wconf 89' lang='lat' dir='ltr'><strong>ejus</strong></span> <span class='ocrx_word' id='word_1_144' title='bbox 871 1159 992 1197; x_wconf 91' lang='lat' dir='ltr'><strong>eludit</strong></span> <span class='ocrx_word' id='word_1_145' title='bbox 1011 1159 1143 1197; x_wconf 87' lang='lat' dir='ltr'><strong>oratio.</strong></span> <span class='ocrx_word' id='word_1_146' title='bbox 1183 1159 1225 1197; x_wconf 92' lang='lat' dir='ltr'><strong>A</strong></span> 
     </span>
     <span class='ocr_line' id='line_1_22' title="bbox 100 1212 1226 1264; baseline -0.003 -11"><span class='ocrx_word' id='word_1_147' title='bbox 100 1227 165 1253; x_wconf 88' lang='lat' dir='ltr'><strong>me</strong></span> <span class='ocrx_word' id='word_1_148' title='bbox 190 1221 320 1253; x_wconf 88' lang='lat' dir='ltr'><strong>autem</strong></span> <span class='ocrx_word' id='word_1_149' title='bbox 340 1217 401 1259; x_wconf 91' lang='lat' dir='ltr'><strong>(ut</strong></span> <span class='ocrx_word' id='word_1_150' title='bbox 420 1228 510 1254; x_wconf 88' lang='lat' dir='ltr'><strong>cum</strong></span> <span class='ocrx_word' id='word_1_151' title='bbox 528 1215 711 1253; x_wconf 83' lang='lat' dir='ltr'><strong>maximis</strong></span> <span class='ocrx_word' id='word_1_152' title='bbox 729 1214 894 1252; x_wconf 87' lang='lat' dir='ltr'><strong>minima</strong></span> <span class='ocrx_word' id='word_1_153' title='bbox 912 1212 1123 1259; x_wconf 85' lang='lat' dir='ltr'><strong>conferam)</strong></span> <span class='ocrx_word' id='word_1_154' title='bbox 1143 1214 1226 1264; x_wconf 86' lang='lat' dir='ltr'><strong>gla-</strong></span> 
     </span>
     <span class='ocr_line' id='line_1_23' title="bbox 101 1267 1224 1320; baseline -0.001 -13"><span class='ocrx_word' id='word_1_155' title='bbox 101 1269 296 1308; x_wconf 88' lang='lat' dir='ltr'><strong>diatorum</strong></span> <span class='ocrx_word' id='word_1_156' title='bbox 326 1282 397 1320; x_wconf 89' lang='lat' dir='ltr'><strong>par</strong></span> <span class='ocrx_word' id='word_1_157' title='bbox 428 1269 712 1308; x_wconf 87' lang='lat' dir='ltr'><strong>nobilissimum</strong></span> <span class='ocrx_word' id='word_1_158' title='bbox 748 1268 955 1307; x_wconf 85' lang='lat' dir='ltr'><strong>inducitur.</strong></span> <span class='ocrx_word' id='word_1_159' title='bbox 1005 1267 1224 1317; x_wconf 87' lang='lat' dir='ltr'><strong>AEschines,</strong></span> 
     </span>
     <span class='ocr_line' id='line_1_24' title="bbox 102 1323 910 1377; baseline -0.001 -15"><span class='ocrx_word' id='word_1_160' title='bbox 102 1331 303 1377; x_wconf 84' lang='lat' dir='ltr'><strong>tamquam</strong></span> <span class='ocrx_word' id='word_1_161' title='bbox 322 1324 566 1373; x_wconf 87' lang='lat' dir='ltr'><strong>AEserninus,</strong></span> <span class='ocrx_word' id='word_1_162' title='bbox 586 1331 630 1362; x_wconf 90' lang='lat' dir='ltr'><strong>ut</strong></span> <span class='ocrx_word' id='word_1_163' title='bbox 649 1324 703 1362; x_wconf 88' lang='lat' dir='ltr'><strong>ait</strong></span> <span class='ocrx_word' id='word_1_164' title='bbox 721 1323 910 1371; x_wconf 73' lang='lat' dir='ltr'><strong>Lucilius,</strong></span> 
     </span>
    </p>
   </div>
   <div class='ocr_carea' id='block_1_4' title="bbox 154 1397 1167 1548">
    <p class='ocr_par' dir='ltr' id='par_1_7' title="bbox 154 1397 1167 1548">
     <span class='ocr_line' id='line_1_25' title="bbox 265 1397 1126 1450; baseline 0 -14"><span class='ocrx_word' id='word_1_165' title='bbox 265 1401 294 1422; x_wconf 83' lang='grc'>“</span> <span class='ocrx_word' id='word_1_166' title='bbox 310 1411 387 1437; x_wconf 87' lang='grc'>11011</span> <span class='ocrx_word' id='word_1_167' title='bbox 406 1411 566 1450; x_wconf 84' lang='lat' dir='ltr'><strong>spurcus</strong></span> <span class='ocrx_word' id='word_1_168' title='bbox 583 1399 715 1446; x_wconf 91' lang='lat' dir='ltr'><strong>homo,</strong></span> <span class='ocrx_word' id='word_1_169' title='bbox 737 1397 802 1436; x_wconf 87' lang='lat' dir='ltr'><strong>sed</strong></span> <span class='ocrx_word' id='word_1_170' title='bbox 820 1397 953 1436; x_wconf 87' lang='lat' dir='ltr'><strong>doctus</strong></span> <span class='ocrx_word' id='word_1_171' title='bbox 973 1404 1010 1436; x_wconf 89' lang='lat' dir='ltr'><strong>et</strong></span> <span class='ocrx_word' id='word_1_172' title='bbox 1028 1410 1126 1445; x_wconf 85' lang='lat' dir='ltr'><strong>acer,</strong></span> 
     </span>
     <span class='ocr_line' id='line_1_26' title="bbox 157 1452 1167 1505; baseline -0.001 -13"><span class='ocrx_word' id='word_1_173' title='bbox 157 1453 260 1492; x_wconf 92' lang='lat' dir='ltr'><strong>Cum</strong></span> <span class='ocrx_word' id='word_1_174' title='bbox 280 1453 489 1491; x_wconf 87' lang='lat' dir='ltr'><strong>Pacidiano</strong></span> <span class='ocrx_word' id='word_1_175' title='bbox 507 1453 572 1491; x_wconf 83' lang='lat' dir='ltr'><strong>hic</strong></span> <span class='ocrx_word' id='word_1_176' title='bbox 591 1452 848 1505; x_wconf 75' lang='lat' dir='ltr'><strong>componitur,</strong></span> <span class='ocrx_word' id='word_1_177' title='bbox 868 1452 1033 1505; x_wconf 87' lang='lat' dir='ltr'><strong>optimu’</strong></span> <span class='ocrx_word' id='word_1_178' title='bbox 1052 1452 1167 1505; x_wconf 88' lang='lat' dir='ltr'><strong>longe</strong></span> 
     </span>
     <span class='ocr_line' id='line_1_27' title="bbox 154 1507 610 1548; baseline 0 -1"><span class='ocrx_word' id='word_1_179' title='bbox 154 1508 250 1547; x_wconf 89' lang='lat' dir='ltr'><strong>Post</strong></span> <span class='ocrx_word' id='word_1_180' title='bbox 266 1507 442 1547; x_wconf 87' lang='lat' dir='ltr'><strong>homines</strong></span> <span class='ocrx_word' id='word_1_181' title='bbox 460 1507 610 1548; x_wconf 87' lang='lat' dir='ltr'><strong>natos.”</strong></span> 
     </span>
    </p>
   </div>
   <div class='ocr_carea' id='block_1_5' title="bbox 93 1596 1226 2139">
    <p class='ocr_par' dir='ltr' id='par_1_8' title="bbox 97 1596 1222 1691">
     <span class='ocr_line' id='line_1_28' title="bbox 99 1596 1222 1650; baseline 0.001 -15"><span class='ocrx_word' id='word_1_182' title='bbox 99 1596 215 1636; x_wconf 84' lang='lat' dir='ltr'><strong>Nihil</strong></span> <span class='ocrx_word' id='word_1_183' title='bbox 240 1596 344 1636; x_wconf 89' lang='lat' dir='ltr'><strong>enim</strong></span> <span class='ocrx_word' id='word_1_184' title='bbox 369 1596 438 1636; x_wconf 85' lang='lat' dir='ltr'><strong>illo</strong></span> <span class='ocrx_word' id='word_1_185' title='bbox 463 1604 610 1637; x_wconf 86' lang='lat' dir='ltr'><strong>oratore</strong></span> <span class='ocrx_word' id='word_1_186' title='bbox 635 1598 796 1637; x_wconf 86' lang='lat' dir='ltr'><strong>arbitror</strong></span> <span class='ocrx_word' id='word_1_187' title='bbox 821 1596 979 1650; x_wconf 84' lang='lat' dir='ltr'><strong>cogitari</strong></span> <span class='ocrx_word' id='word_1_188' title='bbox 996 1609 1106 1650; x_wconf 87' lang='lat' dir='ltr'><strong>posse</strong></span> <span class='ocrx_word' id='word_1_189' title='bbox 1124 1597 1222 1636; x_wconf 88' lang='lat' dir='ltr'><strong>divi-</strong></span> 
     </span>
     <span class='ocr_line' id='line_1_29' title="bbox 97 1663 198 1691; baseline -0.02 0"><span class='ocrx_word' id='word_1_190' title='bbox 97 1663 198 1691; x_wconf 89' lang='lat' dir='ltr'><strong>mus.</strong></span> 
     </span>
    </p>

    <p class='ocr_par' dir='ltr' id='par_1_9' title="bbox 93 1705 1226 2139">
     <span class='ocr_line' id='line_1_30' title="bbox 151 1705 1221 1761; baseline 0.004 -17"><span class='ocrx_word' id='word_1_191' title='bbox 151 1705 258 1744; x_wconf 91' lang='lat' dir='ltr'><strong>Huic</strong></span> <span class='ocrx_word' id='word_1_192' title='bbox 275 1706 397 1745; x_wconf 89' lang='lat' dir='ltr'><strong>labori</strong></span> <span class='ocrx_word' id='word_1_193' title='bbox 416 1714 545 1747; x_wconf 87' lang='lat' dir='ltr'><strong>nostro</strong></span> <span class='ocrx_word' id='word_1_194' title='bbox 563 1707 641 1747; x_wconf 89' lang='lat' dir='ltr'><strong>duo</strong></span> <span class='ocrx_word' id='word_1_195' title='bbox 659 1721 799 1759; x_wconf 87' lang='lat' dir='ltr'><strong>genera</strong></span> <span class='ocrx_word' id='word_1_196' title='bbox 816 1708 1132 1759; x_wconf 86' lang='lat' dir='ltr'><strong>reprehensorum</strong></span> <span class='ocrx_word' id='word_1_197' title='bbox 1151 1722 1221 1761; x_wconf 91' lang='lat' dir='ltr'><strong>op-</strong></span> 
     </span>
     <span class='ocr_line' id='line_1_31' title="bbox 99 1762 1220 1813; baseline 0.004 -15"><span class='ocrx_word' id='word_1_198' title='bbox 99 1767 320 1813; x_wconf 88' lang='lat' dir='ltr'><strong>ponuntur:</strong></span> <span class='ocrx_word' id='word_1_199' title='bbox 352 1774 478 1800; x_wconf 91' lang='lat' dir='ltr'><strong>unum</strong></span> <span class='ocrx_word' id='word_1_200' title='bbox 496 1762 594 1801; x_wconf 83' lang='lat' dir='ltr'><strong>hoc:</strong></span> <span class='ocrx_word' id='word_1_201' title='bbox 629 1764 657 1785; x_wconf 74' lang='lat'><strong>‘⁶</strong></span> <span class='ocrx_word' id='word_1_202' title='bbox 674 1762 824 1802; x_wconf 90' lang='lat' dir='ltr'><strong>Verum</strong></span> <span class='ocrx_word' id='word_1_203' title='bbox 839 1762 978 1801; x_wconf 90' lang='lat' dir='ltr'><strong>melius</strong></span> <span class='ocrx_word' id='word_1_204' title='bbox 995 1763 1121 1802; x_wconf 86' lang='lat' dir='ltr'><strong>Graeci</strong></span> <span class='ocrx_word' id='word_1_205' title='bbox 1134 1764 1177 1811; x_wconf 86' lang='lat'><strong>;&#39;’</strong></span> <span class='ocrx_word' id='word_1_206' title='bbox 1196 1777 1220 1803; x_wconf 90' lang='lat' dir='ltr'><strong>a</strong></span> 
     </span>
     <span class='ocr_line' id='line_1_32' title="bbox 99 1816 1218 1869; baseline 0.003 -16"><span class='ocrx_word' id='word_1_207' title='bbox 99 1828 178 1867; x_wconf 92' lang='lat' dir='ltr'><strong>quo</strong></span> <span class='ocrx_word' id='word_1_208' title='bbox 189 1822 396 1867; x_wconf 88' lang='lat' dir='ltr'><strong>quaeratur,</strong></span> <span class='ocrx_word' id='word_1_209' title='bbox 417 1817 554 1868; x_wconf 89' lang='lat' dir='ltr'><strong>ecquid</strong></span> <span class='ocrx_word' id='word_1_210' title='bbox 568 1816 714 1869; x_wconf 86' lang='lat' dir='ltr'><strong>possint</strong></span> <span class='ocrx_word' id='word_1_211' title='bbox 727 1816 801 1868; x_wconf 92' lang='lat' dir='ltr'><strong>ipsi</strong></span> <span class='ocrx_word' id='word_1_212' title='bbox 815 1816 953 1855; x_wconf 82' lang='lat' dir='ltr'><strong>melius</strong></span> <span class='ocrx_word' id='word_1_213' title='bbox 966 1817 1107 1856; x_wconf 80' lang='lat' dir='ltr'><strong>Latine</strong></span> <span class='ocrx_word' id='word_1_214' title='bbox 1121 1832 1132 1856; x_wconf 72' lang='grc' dir='ltr'><strong><em>ε</em></strong></span> <span class='ocrx_word' id='word_1_215' title='bbox 1161 1819 1218 1856; x_wconf 85' lang='grc'><strong>31-</strong></span> 
     </span>
     <span class='ocr_line' id='line_1_33' title="bbox 98 1869 1226 1923; baseline 0.003 -16"><span class='ocrx_word' id='word_1_216' title='bbox 98 1876 250 1908; x_wconf 80' lang='lat' dir='ltr'><strong>terum:</strong></span> <span class='ocrx_word' id='word_1_217' title='bbox 282 1871 311 1891; x_wconf 82' lang='lat'>“</span> <span class='ocrx_word' id='word_1_218' title='bbox 326 1869 437 1918; x_wconf 88' lang='lat' dir='ltr'><strong>Quid</strong></span> <span class='ocrx_word' id='word_1_219' title='bbox 460 1871 551 1909; x_wconf 85' lang='lat' dir='ltr'><strong>istas</strong></span> <span class='ocrx_word' id='word_1_220' title='bbox 569 1872 697 1923; x_wconf 77' lang='lat' dir='ltr'><strong>potius</strong></span> <span class='ocrx_word' id='word_1_221' title='bbox 710 1872 852 1923; x_wconf 84' lang='lat' dir='ltr'><strong>legam,</strong></span> <span class='ocrx_word' id='word_1_222' title='bbox 869 1884 988 1923; x_wconf 88' lang='lat' dir='ltr'><strong>quam</strong></span> <span class='ocrx_word' id='word_1_223' title='bbox 1002 1871 1155 1911; x_wconf 84' lang='lat' dir='ltr'><strong>Graecas</strong></span> <span class='ocrx_word' id='word_1_224' title='bbox 1169 1873 1226 1911; x_wconf 83' lang='lat'><strong>?”·</strong></span> 
     </span>
     <span class='ocr_line' id='line_1_34' title="bbox 93 1923 1218 1977; baseline 0.004 -16"><span class='ocrx_word' id='word_1_225' title='bbox 93 1923 222 1962; x_wconf 88' lang='lat' dir='ltr'><strong>Iidem</strong></span> <span class='ocrx_word' id='word_1_226' title='bbox 246 1923 440 1963; x_wconf 87' lang='lat' dir='ltr'><strong>Andriam</strong></span> <span class='ocrx_word' id='word_1_227' title='bbox 465 1932 503 1963; x_wconf 88' lang='lat' dir='ltr'><strong>et</strong></span> <span class='ocrx_word' id='word_1_228' title='bbox 528 1926 791 1977; x_wconf 90' lang='lat' dir='ltr'><strong>Synephebos,</strong></span> <span class='ocrx_word' id='word_1_229' title='bbox 818 1938 888 1964; x_wconf 89' lang='lat' dir='ltr'><strong>nec</strong></span> <span class='ocrx_word' id='word_1_230' title='bbox 913 1926 1044 1964; x_wconf 91' lang='lat' dir='ltr'><strong>minus</strong></span> <span class='ocrx_word' id='word_1_231' title='bbox 1070 1926 1218 1965; x_wconf 89' lang='lat' dir='ltr'><strong>Teren-</strong></span> 
     </span>
     <span class='ocr_line' id='line_1_35' title="bbox 95 1977 1218 2031; baseline 0.004 -15"><span class='ocrx_word' id='word_1_232' title='bbox 95 1977 198 2016; x_wconf 87' lang='lat' dir='ltr'><strong>tium</strong></span> <span class='ocrx_word' id='word_1_233' title='bbox 223 1985 261 2016; x_wconf 91' lang='lat' dir='ltr'><strong>et</strong></span> <span class='ocrx_word' id='word_1_234' title='bbox 286 1978 499 2028; x_wconf 88' lang='lat' dir='ltr'><strong>Caecilium,</strong></span> <span class='ocrx_word' id='word_1_235' title='bbox 521 1993 672 2031; x_wconf 89' lang='lat' dir='ltr'><strong>quam</strong></span> <span class='ocrx_word' id='word_1_236' title='bbox 656 1980 936 2027; x_wconf 85' lang='lat' dir='ltr'><strong>Menandrum,</strong></span> <span class='ocrx_word' id='word_1_237' title='bbox 956 1981 1117 2031; x_wconf 87' lang='lat' dir='ltr'><strong>legunt:</strong></span> <span class='ocrx_word' id='word_1_238' title='bbox 1147 1994 1218 2020; x_wconf 92' lang='lat' dir='ltr'><strong>nec</strong></span> 
     </span>
     <span class='ocr_line' id='line_1_36' title="bbox 96 2032 1218 2087; baseline 0.004 -18"><span class='ocrx_word' id='word_1_239' title='bbox 96 2032 428 2083; x_wconf 87' lang='lat' dir='ltr'><strong>Andromacham,</strong></span> <span class='ocrx_word' id='word_1_240' title='bbox 454 2041 523 2072; x_wconf 92' lang='lat' dir='ltr'><strong>aut</strong></span> <span class='ocrx_word' id='word_1_241' title='bbox 546 2034 777 2086; x_wconf 85' lang='lat' dir='ltr'><strong>Antiopam,</strong></span> <span class='ocrx_word' id='word_1_242' title='bbox 805 2043 873 2073; x_wconf 90' lang='lat' dir='ltr'><strong>aut</strong></span> <span class='ocrx_word' id='word_1_243' title='bbox 890 2035 1090 2087; x_wconf 86' lang='lat' dir='ltr'><strong>Epigonos</strong></span> <span class='ocrx_word' id='word_1_244' title='bbox 1108 2035 1218 2073; x_wconf 82' lang='lat' dir='ltr'><strong>Lati-</strong></span> 
     </span>
     <span class='ocr_line' id='line_1_37' title="bbox 97 2086 1223 2139; baseline 0.004 -16"><span class='ocrx_word' id='word_1_245' title='bbox 97 2097 166 2124; x_wconf 90' lang='lat' dir='ltr'><strong>nos</strong></span> <span class='ocrx_word' id='word_1_246' title='bbox 195 2086 389 2139; x_wconf 84' lang='lat' dir='ltr'><strong>recipiant.</strong></span> <span class='ocrx_word' id='word_1_247' title='bbox 429 2088 506 2128; x_wconf 86' lang='lat' dir='ltr'><strong>Sed</strong></span> <span class='ocrx_word' id='word_1_248' title='bbox 530 2095 660 2127; x_wconf 86' lang='lat' dir='ltr'><strong>tamen</strong></span> <span class='ocrx_word' id='word_1_249' title='bbox 686 2089 863 2128; x_wconf 90' lang='lat' dir='ltr'><strong>Ennium</strong></span> <span class='ocrx_word' id='word_1_250' title='bbox 882 2097 920 2129; x_wconf 92' lang='lat' dir='ltr'><strong>et</strong></span> <span class='ocrx_word' id='word_1_251' title='bbox 939 2089 1153 2128; x_wconf 87' lang='lat' dir='ltr'><strong>Pacuvium</strong></span> <span class='ocrx_word' id='word_1_252' title='bbox 1180 2096 1223 2127; x_wconf 89' lang='lat' dir='ltr'><strong>et</strong></span> 
     </span>
    </p>
   </div>
   <div class='ocr_carea' id='block_1_6' title="bbox 98 2139 1223 2198">
    <p class='ocr_par' dir='ltr' id='par_1_10' title="bbox 98 2139 1223 2198">
     <span class='ocr_line' id='line_1_38' title="bbox 98 2139 1223 2198; baseline 0.002 -17"><span class='ocrx_word' id='word_1_253' title='bbox 98 2139 263 2182; x_wconf 86' lang='lat' dir='ltr'><strong>Accium</strong></span> <span class='ocrx_word' id='word_1_254' title='bbox 288 2142 429 2195; x_wconf 87' lang='lat' dir='ltr'><strong>potius,</strong></span> <span class='ocrx_word' id='word_1_255' title='bbox 456 2156 576 2197; x_wconf 83' lang='lat' dir='ltr'><strong>quam</strong></span> <span class='ocrx_word' id='word_1_256' title='bbox 594 2143 824 2197; x_wconf 84' lang='lat' dir='ltr'><strong>Euripidem</strong></span> <span class='ocrx_word' id='word_1_257' title='bbox 843 2151 881 2184; x_wconf 89' lang='lat' dir='ltr'><strong>et</strong></span> <span class='ocrx_word' id='word_1_258' title='bbox 900 2143 1142 2198; x_wconf 87' lang='lat' dir='ltr'><strong>Sophoclem,</strong></span> <span class='ocrx_word' id='word_1_259' title='bbox 1162 2143 1223 2183; x_wconf 86' lang='lat' dir='ltr'><strong>le-</strong></span> 
     </span>
    </p>
   </div>
  </div>
 </body>
</html>
