1456 2396
209 109 288 150 328
334 107 820 150 ACADEMICORUM
844 107 1223 149 11111.11.CA1›.32.

211 216 330 265 Quod
349 224 478 256 tamen
497 218 660 258 dicimus
684 232 764 258 osse
800 219 979 272 quaedam
1000 217 1226 271 probabilia,
1254 227 1333 256 non

211 272 362 310 videtur
379 273 452 311 hoc
471 273 561 311 satis
576 286 654 312 esse
672 275 790 312 vobis.
827 274 891 312 Ne
910 273 969 311 sit.
1007 274 1084 312 Illa
1101 279 1200 311 certe
1217 270 1333 309 debe-

205 338 294 363 mus
314 326 491 377 effugere,
524 341 611 378 quae
640 341 663 366 a
694 335 731 366 te
759 329 819 366 vel
847 327 1018 365 maxime
1045 327 1189 378 agitata
1214 332 1328 363 sunt.

208 379 323 417 Nihil
341 381 460 431 igitur
479 382 630 420 cernis?
658 383 756 420 nihil
779 383 888 420 audis
902 384 920 420 Ρ
949 381 1047 419 nihil
1071 380 1143 419 tibi
1165 387 1222 419 est
1245 391 1332 431 per-

206 433 383 485 spicuum
399 437 416 473 ‚⁹
443 435 647 487 Explicavi
658 437 774 487 paulo
790 445 891 483 ante,
908 435 1148 474 Clitomacho
1161 441 1328 481 auctore,

206 501 284 539 quo
303 489 418 527 modo
437 489 510 528 ista
535 490 748 528 Carneades
773 491 923 528 diceret.
962 489 1123 540 Accipe,
1144 487 1330 540 quemad-

206 542 368 580 modum
395 543 527 582 eadem
553 544 727 583 dicantur
752 558 775 582 a
801 544 1055 591 Clitomacho,
1080 543 1121 580 in
1146 555 1191 580 eo
1215 542 1328 589 libro,

204 609 321 647 quem
336 596 385 634 ad
401 597 445 635 C.
460 598 657 636 Lucilium
673 599 821 650 scripsit
833 602 1003 649 poe'tam,
1020 610 1110 635 cum
1124 596 1330 647 scripsisset

202 650 339 688 iisdem
358 651 406 689 de
423 654 536 691 rebus
555 653 604 690 ad
623 654 672 690 L.
690 645 960 714 Censorinum,
985 664 1089 699 eum,
1110 650 1179 703 qui
1196 649 1330 689 consul

203 717 293 742 cum
313 705 375 742 M'
393 705 560 744 Manilio
578 707 663 745 fuit.
695 707 852 759 Scripsit
870 707 988 758 igitur
1005 706 1066 744 his
1084 706 1163 744 fere
1181 705 1326 743 verbis:

202 767 292 797 sunt
311 760 412 797 enim
433 761 530 798 mihi
549 769 653 807 nota,
661 770 873 823 propterea
892 760 996 813 quod
1011 772 1143 798 earum
1157 759 1330 810 1Ρ531-11111

201 825 345 861 16111111,
373 814 421 852 (16
443 815 584 867 quibus
610 816 774 867 agimus,
795 816 922 867 prima
939 814 1142 863 institutio,
1163 821 1201 852 et
1219 812 1330 865 quasi

201 866 415 919 disciplina,
435 869 503 907 illo
520 869 618 907 libro
638 871 873 915 continetur3
899 869 964 908 sed
979 868 1163 920 scriptum
1182 875 1238 906 est
1251 867 1327 904 ita:

203 923 232 942 “
245 922 488 961 Academicis
503 924 665 974 placere,
686 937 765 962 esse
778 937 907 962 rerum
927 923 1116 972 ejusmodi
1134 920 1329 960 dissimili-

200 976 366 1024 tudines,
395 985 440 1015 ut
466 978 551 1016 aliae
575 978 790 1029 probabiles
818 978 1032 1024 videantur,
1062 977 1147 1015 aliae
1169 982 1326 1020 contra;

201 1029 242 1066 id
261 1039 390 1068 autem
409 1043 486 1069 non
506 1045 585 1070 esse
604 1032 706 1079 satis,
735 1045 802 1070 cur
827 1032 902 1070 alia
918 1031 1064 1083 percipi
1082 1043 1191 1082 posse
1209 1029 1327 1077 dicas,

201 1084 277 1120 alia
299 1096 377 1122 non
402 1098 536 1136 posse;
566 1095 766 1137 propterea
790 1085 895 1138 quod
919 1085 1046 1123 multa
1069 1084 1166 1122 falsa
1189 1085 1329 1135 proba-

201 1137 296 1175 bilia
314 1138 414 1184 sint3
445 1139 543 1176 nihil
568 1148 699 1178 autem
722 1140 810 1178 falsi
833 1147 1056 1191 perceptum
1075 1146 1112 1176 et
1131 1138 1329 1189 cognitum

201 1192 320 1241 possit
340 1205 429 1230 esse.
434 1193 458 1210 '’
511 1193 648 1245 Itaque
667 1194 734 1241 ait,
755 1193 998 1232 vehementer
1021 1205 1144 1230 errare
1162 1205 1238 1240 eos,
1259 1191 1329 1243 qui

200 1244 343 1292 dicant,
365 1248 413 1284 ab
428 1247 643 1285 Academia
657 1260 788 1286 sensus
802 1247 911 1298 eripi,
931 1260 955 1284 a
968 1247 1110 1298 quibus
1123 1258 1326 1297 nunquam

199 1298 346 1337 dictum
367 1301 428 1347 sit,
450 1309 516 1338 aut
535 1302 700 1339 colorem
719 1309 786 1339 aut
805 1313 978 1352 saporem
997 1308 1064 1338 aut
1083 1312 1221 1338 sonum
1239 1299 1328 1337 nul-

199 1353 284 1391 lum
314 1367 420 1400 esse;
460 1355 558 1392 illud
586 1355 634 1392 sit
661 1355 915 1406 disputatum,
944 1366 1022 1392 non
1051 1354 1173 1392 inesse
1199 1353 1240 1391 in
1266 1353 1327 1392 his

198 1408 409 1459 propriam,
443 1422 530 1461 quae
562 1421 756 1461 nusquam
789 1408 882 1447 alibi
912 1416 1022 1459 esset,
1055 1407 1136 1447 veri
1167 1415 1206 1446 et
1237 1407 1329 1446 certi

198 1470 344 1501 notam.

255 1516 356 1564 Quae
389 1530 478 1556 cum
512 1517 760 1570 exposuisset,
791 1517 983 1570 adjungit,
1016 1516 1220 1569 dupliciter
1251 1515 1326 1555 dici

197 1583 371 1609 assensus
396 1572 580 1610 sustinere
603 1573 836 1624 sapientem:
872 1585 951 1610 uno
977 1571 1107 1619 modo,
1136 1584 1227 1609 cum
1254 1571 1327 1609 hoc

195 1624 447 1677 intelligatur,
474 1627 632 1665 omnino
655 1640 745 1665 eum
767 1626 822 1664 rei
844 1627 943 1664 nulli
962 1625 1160 1671 assentiri3
1189 1625 1323 1673 altero,

194 1691 285 1716 cum
305 1693 343 1718 56
362 1693 385 1717 3
404 1680 679 1732 respondendo,
700 1688 745 1719 ut
763 1689 831 1719 aut
849 1682 1035 1732 approbet
1052 1678 1148 1731 quid
1165 1686 1233 1717 aut
1250 1679 1325 1717 im-

193 1735 342 1784 probet,
364 1735 560 1782 sustineat,
582 1743 627 1772 ut
645 1749 771 1787 neque
789 1744 903 1786 neget
917 1733 1077 1786 aliquid,
1093 1746 1219 1785 neque
1232 1733 1322 1771 aiat.

193 1787 244 1824 Id
263 1801 352 1825 cum
372 1789 425 1827 ita
445 1788 506 1835 sit,
528 1790 692 1828 alterum
716 1790 878 1841 placere,
903 1796 948 1826 ut
970 1800 1174 1839 nunquam
1195 1799 1323 1826 assen-

191 1841 333 1885 tiatur:
355 1843 519 1880 alterum
548 1852 688 1891 tenere,
718 1853 776 1890 ut,
807 1855 967 1894 sequens
994 1841 1321 1894 probabilitatem,

188 1896 424 1947 ubicumque
443 1897 523 1935 haec
543 1907 610 1935 aut
629 1905 800 1936 occurrat
817 1906 884 1935 aut
903 1897 1066 1944 deficiat,
1091 1904 1159 1934 aut
1172 1895 1320 1944 Etiam,

187 1950 372 1999 autNon,
386 1964 521 2002 respon
507 1951 610 1989 dere
619 1965 686 2002 pos
673 1953 757 1990 sit·
775 1951 935 2001 [nam,c
916 1953 1024 2003 cum]
1039 1951 1200 2002 placeat,
1214 1962 1320 1997 eum,

187 2004 256 2055 qui
281 2004 330 2042 de
354 2005 535 2044 omnibus
563 2007 676 2044 rebus
704 2006 895 2045 contineat
922 2018 961 2044 se
988 2007 1037 2043 ab
1063 2003 1318 2050 assentiendo,

183 2058 329 2096 moveri
359 2067 504 2106 tamen,
535 2067 573 2097 et
600 2073 712 2120 33616
742 2060 903 2120 aliquid,
938 2059 1094 2111 reliquit
1126 2057 1316 2108 ejusmodi

184 2112 278 2160 visa,
300 2113 441 2175 quibus
465 2113 514 2151 ad
540 2113 726 2152 actionem
755 2114 991 2152 excitemur·
1021 2114 1116 2151 item
1141 2126 1200 2158 63,
1226 2124 1316 2163 quae

184 2165 406 2218 interrogati
424 2167 463 2204 in
484 2176 689 2219 utramque
703 2176 852 2219 partem
867 2167 1092 2219 respondere
1105 2166 1314 2226 possimus,

181 2228 381 2272 sequentes
399 2221 669 2260 tantummodo
687 2222 793 2274 quod
812 2223 865 2261 ita
885 2221 1011 2262 visum
1030 2221 1092 2270 sit,
1117 2221 1214 2260 dum
1232 2219 1314 2259 sine
