1456 2396
196 92 275 130 344
322 87 809 130 AGADEMICORUM
833 89 934 129 11113.
946 89 1007 129 11.
1028 88 1213 130 &2452

203 224 206 226 v
249 199 384 238 XLV.
413 198 513 250 Legi
539 198 644 251 apud
669 198 968 247 Clitomachum,
995 211 1085 238 cum
1107 199 1323 242 Carneades

196 261 235 292 et
254 255 405 292 Stoicus
423 253 616 305 Diogenes
637 253 687 291 ad
705 262 878 292 senatum
896 253 938 291 in
957 253 1148 305 Capitolio
1165 262 1322 305 star-ait,

199 308 253 346 A.
263 308 471 356 Albinum,
482 307 568 359 (qui
574 314 674 355 tum,
684 308 730 346 P.
741 308 915 359 Scipione
922 314 960 346 et
967 307 1029 345 M.
1038 307 1226 348 Marcello
1234 323 1325 349 con-

198 362 360 409 sulibus,
373 370 512 414 praetor
525 369 638 410 esset)
653 375 757 409 eum,
773 363 842 414 qui
855 374 944 400 cum
959 375 1031 400 avo
1043 368 1127 409 tuo,
1142 363 1322 414 Luculle,

198 417 332 455 consul
348 416 438 461 fuit,
465 415 621 454 doctum
640 429 730 455 sane
748 417 946 454 hominem
970 418 1031 459 (ut
1047 416 1190 455 indicat
1206 417 1326 470 ipsius

198 470 369 518 historia,
396 469 535 521 scripta
558 470 706 519 Graeoe)
729 471 922 520 jocantem
949 469 1089 509 dixisse
1110 471 1298 510 Carneadi
1311 487 1323 511 ε

202 528 232 548 “
247 525 335 576 Ego
361 525 445 572 tibi,
467 524 676 573 Carneade,
701 533 841 576 praetor
865 538 943 563 esse
966 537 1044 563 non
1069 524 1212 573 videor,
1236 527 1328 578 quia

199 580 349 631 sapiens
368 592 446 617 non
465 592 577 624 sum;
607 591 676 618 nec
694 579 776 617 haec
799 581 905 626 urbs,
926 591 996 617 nec
1008 579 1050 617 in
1068 579 1114 617 ea
1136 579 1265 619 civitas
1279 582 1327 620 ?”

203 634 311 672 Tum
329 634 409 681 ine,
439 635 466 656 “
484 633 591 672 Huic
615 634 743 672 Stoico
770 645 848 672 non
868 633 1047 671 videris-’³
1085 633 1326 685 Aristoteles,

201 696 270 726 aut
289 689 534 735 Xenocrates,
563 701 658 739 quos
683 687 901 726 Antiochus
927 687 1034 739 sequi
1058 687 1222 735 volebat,
1250 702 1328 728 non

201 743 463 790 dubitavisset,
480 742 575 793 quin
594 749 631 779 et
649 749 787 793 praetor
805 742 871 780 ille
889 749 998 791 esset,
1020 748 1058 780 et
1075 741 1206 780 Roma
1219 745 1325 793 urbs,

202 805 241 835 et
259 811 344 836 eam
363 798 493 836 civitas
510 796 701 834 incoleret.
739 795 814 834 Sed
831 796 897 834 1113
915 804 1043 835 noster
1060 803 1117 834 est
1132 797 1248 848 plane
1270 800 1332 842 (ut

202 865 318 904 supra
336 853 434 899 dixi)
455 852 619 898 Stoicus,
639 864 828 902 perpauca
846 851 1075 891 balbutiens.

259 908 340 946 Vos
359 914 486 944 autem
508 906 605 943 1111111
624 905 820 950 veremini,
841 917 890 944 ne
903 907 1011 944 labar
1029 906 1078 944 ad
1096 904 1330 956 opinionem,

203 970 241 1001 et
256 961 402 1013 aliquid
417 960 623 998 adsciscam
638 967 675 998 et
689 972 820 1010 compr
804 961 933 998 obem
947 960 1207 1011 incognitum;
1229 962 1335 1013 quod

203 1017 364 1054 minime
386 1015 514 1053 vultis
555 1014 665 1062 Quid
689 1013 837 1052 consilii
860 1013 989 1053 datis?
1029 1014 1212 1054 Testatur
1234 1029 1334 1068 saepe

204 1070 458 1121 Chrysippus,
488 1076 607 1106 trese
592 1069 689 1106 solas
717 1081 796 1106 aese
823 1068 1039 1115 sententias,
1065 1082 1153 1120 quae
1179 1067 1334 1110 defendi

204 1125 363 1176 possint,
384 1124 431 1162 de
449 1122 591 1160 finibus
617 1124 831 1160 bonorum.
857 1122 1091 1160 circumcidit
1104 1130 1142 1161 et
1155 1133 1333 1174 amputat

204 1178 521 1217 multitudinem:
553 1184 620 1214 aut
639 1177 742 1214 enim
760 1176 997 1215 honestatem
1017 1190 1095 1215 3553
1111 1176 1244 1225 finem,
1264 1187 1333 1219 aut

207 1233 460 1284 voluptatem,
484 1238 552 1268 aut
570 1238 800 1282 utrumque:
826 1243 932 1279 nam,
953 1231 1021 1282 qui
1039 1244 1239 1270 summum
1262 1235 1331 1273 bo-

206 1300 303 1325 num
331 1286 459 1325 dicant
484 1284 524 1322 id
547 1298 638 1333 esse,
664 1285 696 1323 51
720 1298 898 1323 vacemus
923 1285 1030 1323 omni
1053 1285 1241 1334 molestia,
1269 1301 1332 1328 eos

205 1341 439 1380 invidiosum
462 1352 603 1378 nomen
625 1339 831 1390 voluptatis
857 1338 1014 1390 fugere3
1045 1340 1111 1378 sed
1135 1340 1177 1379 in
1201 1341 1334 1381 vicini-

206 1404 260 1435 ta
250 1410 283 1434 e
302 1395 465 1434 versari:
497 1393 601 1446 quod
624 1393 745 1432 facere
771 1407 833 1432 eos
858 1393 989 1442 etiam,
1017 1394 1085 1445 qui
1107 1394 1207 1433 illud
1230 1395 1333 1436 idem

206 1464 297 1489 cum
321 1450 518 1488 honestate
543 1449 712 1499 conjung
715 1456 843 1486 ezrent
878 1460 949 1487 nec
974 1449 1101 1486 multo
1125 1462 1231 1488 secus
1255 1464 1332 1501 eos,

207 1505 275 1556 qui
295 1504 343 1542 ad
362 1505 599 1542 honestatem
619 1502 746 1553 prima
764 1509 911 1540 naturae
930 1502 1131 1541 commoda
1148 1503 1335 1558 adjunge-

207 1567 303 1597 rent.
341 1559 404 1596 Ita
422 1565 496 1596 tres
515 1556 699 1608 relinquit
718 1557 934 1604 sententias,
956 1570 1052 1608 quas
1069 1565 1180 1609 putet
1196 1562 1335 1610 proba-

206 1613 334 1651 biliter
352 1625 462 1664 posse
479 1611 644 1649 defendi.
675 1611 769 1649 Sitc
752 1623 841 1649 53113
858 1611 933 1649 ita:
959 1624 1199 1664 quamquam
1216 1626 1240 1651 3
1258 1615 1336 1654 Ρο-

206 1667 383 1713 lemonis,
405 1675 441 1705 et
462 1665 816 1717 Peripateticorum,
837 1671 875 1703 et
892 1665 1079 1704 Antiochi
1097 1665 1239 1705 finibus
1257 1681 1335 1709 non

208 1721 320 1759 facile
338 1720 523 1766 divellor3
544 1733 669 1771 neque
688 1719 902 1771 quidquam
921 1719 1043 1758 habeo
1061 1719 1188 1760 adhuc
1198 1724 1337 1772 proba-

206 1775 335 1814 bilius
372 1750 653 1813 Verunitamen
676 1773 800 1821 video,
828 1786 947 1826 quam
973 1773 1138 1813 suaviter
1162 1776 1339 1829 voluptas

208 1829 382 1868 sensibus
413 1829 550 1867 nostris
577 1828 809 1866 blandiatur.
856 1828 987 1867 Labor
1014 1841 1058 1867 eo
1086 1836 1131 1867 ut
1157 1831 1340 1871 assentiar

208 1884 394 1935 Epicuro,
421 1891 489 1921 aut
514 1882 740 1934 Aristippo.
777 1889 928 1921 revocat
956 1882 1091 1931 virtus,
1123 1883 1184 1922 vel
1210 1886 1339 1936 potius

208 1936 451 1989 reprehendit
468 1950 612 1975 manu·
642 1936 837 1988 pecudum
860 1936 947 1975 illos
971 1944 1100 1975 motus
1122 1950 1201 1976 esse
1218 1938 1335 1980 dicit·

207 1992 408 2030 hominem
424 1991 555 2042 jungit
573 1990 671 2029 Deo.
703 1991 868 2029 Possum
882 2003 960 2029 esse
973 1991 1143 2029 medius·
1164 1999 1224 2040 ut,
1240 2007 1338 2045 quo-

207 2046 316 2084 niam
334 2046 573 2097 Aristippus,
594 2045 704 2096 quasi
729 2045 905 2084 animum
930 2045 1086 2083 nullum
1109 2045 1334 2098 haboemus,

208 2113 346 2152 corpus
378 2100 504 2139 solum
536 2107 697 2145 tuetur;
699 2099 856 2146 Zeno,
884 2099 997 2151 quasi
1023 2099 1188 2151 corporis
1215 2100 1336 2142 simus

210 2162 398 2206 expertes,
436 2154 612 2192 animum
649 2118 775 2192 50111111
807 2153 1099 2205 complectitur3
1141 2161 1186 2192 ut
1217 2154 1338 2195 Cani

207 2208 394 2259 phontem
428 2222 591 2261 sequar·
579 2238 591 2254 ,
636 2209 747 2257 cujus
772 2207 940 2259 ‘quidem
978 2207 1208 2248 sententiam
1237 2209 1334 2250 Car-
