1456 2396
126 67 209 106 232
237 66 323 106 AD
344 67 729 119 HERENNIUM,
750 67 851 108 Lm.
868 67 946 108 IV.
967 67 1073 108 CAP.
1089 67 1157 107 24.

129 175 277 225 Quare,
299 190 386 229 quae
404 184 495 216 sunt
513 179 645 230 ampla
663 185 700 217 et
717 177 893 230 pulchra,
913 177 981 215 diu
998 176 1148 229 placere
1164 187 1253 227 pos-

127 237 245 276 sunt;
275 244 363 283 quae
380 232 510 283 lepida
528 240 566 271 et
584 233 782 281 concinna,
804 232 879 271 cito
894 231 1065 270 satietate
1081 230 1254 270 afficiunt

127 285 283 322 aurium
303 298 458 324 sensum
477 286 836 325 fastidiosissimum.
878 286 971 334 Quo
984 285 1100 324 modo
1118 285 1253 336 igitur,

127 339 159 376 si
190 341 320 378 crebro
350 340 410 378 his
435 341 638 392 generibus
670 348 837 389 utemur,
865 340 1006 392 puerili
1035 340 1253 378 videbimur

125 393 340 432 elocutione
371 395 575 442 delectari3
605 396 672 443 ita,
703 395 735 434 si
767 408 852 433 raro
880 395 951 433 has
982 394 1253 433 interseremus

127 448 407 497 exornationes,
440 457 477 487 et
509 449 550 488 in
580 450 695 488 causa
724 449 806 488 tota
838 449 942 487 varie
974 448 1252 500 dispergemus,

123 502 327 541 commode
351 503 565 542 luminibus
599 504 784 543 distinctis
810 502 1090 543 illustrabimus
1112 502 1254 542 oratio-

129 567 235 594 nem.

179 611 376 660 subjectio
400 619 470 662 est,
498 625 587 651 cum
612 613 893 664 interrogamus
917 610 1164 661 adversarios,
1184 617 1254 650 aut

124 665 335 716 quaerimus
349 667 436 718 ipsi,
457 667 552 719 quid
571 670 619 706 ab
639 668 728 714 illis,
743 675 810 705 aut
824 666 918 719 quid
933 673 1064 704 contra
1077 678 1161 715 nos,
1176 665 1254 704 dici

126 719 269 770 possit:
299 720 436 760 deinde
459 722 684 771 subjicimus
702 722 757 770 id,
778 721 883 773 quod
901 720 976 759 dici
994 727 1158 772 oportet,
1183 727 1253 758 aut

126 786 206 811 non
233 782 395 826 oportet,
423 783 491 814 aut
514 776 625 814 nobis
651 776 875 826 adjumento
894 775 1071 813 futurum
1091 774 1154 822 sit,
1182 781 1252 812 aut

123 827 340 866 offuturum
359 829 436 868 illis
455 843 475 868 e
494 830 696 877 contrario,
715 830 787 868 hoc
809 829 949 868 modo:
973 831 1002 851 “
1015 828 1159 877 Quaero
1176 828 1251 880 igi-

124 889 203 931 tur,
231 883 335 921 unde
353 884 423 922 iste
445 891 525 922 tam
544 885 771 936 pecuniosus
797 884 846 922 sit
867 883 990 922 factus
1004 886 1022 923 ?
1050 883 1249 935 Amplum

123 937 401 987 patrimonium
420 940 597 978 relictum
612 941 698 977 est?
719 946 758 977 at
776 938 894 990 patris
912 940 1015 977 bona
1032 938 1246 977 venierunt.

126 991 343 1030 Haeredjtas
375 992 506 1044 aliqua
533 993 718 1032 obvenit?
761 992 859 1043 [non
886 1000 1010 1044 potest
1037 992 1126 1040 dici,
1156 992 1244 1045 sed]

115 1045 240 1083 etiam
266 1060 290 1084 a
307 1047 524 1085 necessariis
542 1048 722 1086 omnibus
747 1047 1008 1086 exhaeredatus
1027 1054 1094 1085 est.
1137 1047 1245 1085 Prae-

120 1100 247 1137 mium
272 1100 429 1152 aliquod
448 1115 495 1139 ex
513 1102 582 1140 lite
607 1109 674 1140 aut
696 1102 841 1151 judicio
863 1101 994 1153 cepit?
1022 1113 1101 1139 non
1125 1100 1244 1140 modo

117 1153 159 1191 id
175 1167 251 1192 non
271 1154 374 1203 fecit,
395 1156 461 1194 sed
480 1156 595 1194 etiam
614 1156 770 1208 insuper
787 1156 868 1207 ipse
887 1155 1023 1206 grandi
1041 1155 1244 1207 sponsione

117 1208 244 1246 'victus
264 1217 330 1247 est.
377 1209 498 1261 Ergo,
523 1210 554 1248 si
579 1210 638 1249 his
657 1210 868 1249 rationibus
885 1209 1140 1261 locupletatus
1163 1222 1242 1248 non

121 1270 194 1309 est,
234 1263 331 1301 sicut
367 1277 499 1302 omnes
535 1264 696 1311 111131τίες
735 1272 803 1302 aut
838 1264 902 1302 isti
937 1264 1043 1302 domi
1074 1264 1244 1303 nascitur

120 1329 277 1365 aurum,
306 1325 387 1368 aut,
415 1318 518 1357 unde
543 1319 695 1357 licitum
721 1331 800 1358 non
826 1326 896 1367 est,
926 1318 1108 1371 pecunias
1136 1331 1244 1358 acce-

149 1371 220 1408 it.’'

119 1384 146 1422 P
172 1426 335 1464 XXIV.
358 1427 474 1476 Item,
493 1429 522 1450 ‘⁶
539 1428 662 1480 Saepe,
676 1427 837 1477 judices,
855 1427 1122 1490 animadverti,
1137 1427 1242 1467 mul-

114 1486 175 1518 tos
201 1480 331 1532 aliqua
359 1494 406 1519 ex
434 1482 674 1531 honestare,
700 1495 819 1534 quam
842 1495 892 1520 ne
917 1481 1065 1521 inimici
1082 1483 1242 1534 quidem

116 1534 312 1572 criminari
341 1536 500 1587 possint,
535 1536 607 1574 sibi
639 1537 862 1588 praesidium
890 1543 1043 1588 petere3
1073 1549 1241 1588 quorum

118 1588 217 1626 nihil
231 1597 355 1640 potest
369 1590 441 1628 adv
434 1591 604 1629 ersarius
619 1591 752 1629 facere.
782 1591 889 1629 Nam
904 1599 1037 1628 utrum
1056 1591 1106 1629 ad
1121 1592 1242 1643 patris

116 1642 299 1681 virtutem
318 1644 544 1696 confugiet?
574 1653 614 1683 at
632 1659 722 1683 eum
748 1658 815 1684 vos
836 1644 957 1694 jurati
982 1645 1106 1696 capite
1130 1645 1241 1684 dam-

115 1697 246 1735 uastis.
283 1698 353 1735 An
372 1699 421 1736 ad
440 1713 549 1737 suam
569 1707 776 1738 revertetur
794 1699 995 1750 antiquam
1015 1699 1148 1749 vitam,
1169 1700 1242 1738 ali-

114 1751 206 1788 cubi
225 1751 380 1790 honeste
399 1756 631 1792 tractatam?
660 1761 714 1801 at,
740 1753 805 1792 hic
829 1752 987 1805 quidem
1005 1761 1094 1792 ante
1111 1754 1242 1794 oculos

117 1813 259 1844 vestros
283 1808 475 1857 quomodo
502 1807 652 1856 vixerit,
673 1808 773 1846 scitis
792 1820 936 1846 onmes.
972 1807 1043 1845 An
1061 1815 1240 1859 cognatos

115 1871 204 1897 suos
230 1861 482 1909 enumerabit,
511 1862 652 1913 quibus
670 1875 736 1900 vos
754 1861 954 1900 conveniat
972 1862 1240 1902 commoveri?

114 1920 155 1950 at
173 1913 215 1951 hi
233 1915 390 1965 quidem
410 1915 508 1952 1111111
528 1924 628 1953 sunt.
663 1916 824 1954 Amicos
843 1916 1038 1977 proferet?
1067 1923 1108 1954 at
1125 1928 1241 1957 nemo

111 1974 183 2015 est,
212 1968 279 2019 qui
305 1969 378 2007 sibi
403 1982 480 2007 non
508 1979 618 2020 putet
644 1978 770 2022 turpe,
799 1971 907 2008 istius
926 1970 1095 2009 amicum
1114 1971 1241 2010 nomi-

112 2022 209 2059 nari.
215 2023 239 2038 ''
280 2023 396 2071 Item,
429 2026 457 2045 “
474 2023 613 2071 Credo,
640 2024 857 2072 immicum,
890 2037 1008 2076 quem
1037 2032 1240 2064 nocentem

111 2077 320 2126 putabas,
309 2090 350 2115 111
365 2077 557 2128 judicium
584 2078 803 2116 adduxisti:
834 2091 938 2117 11011.
968 2091 1061 2116 113111
1087 2078 1239 2118 indem-

110 2137 249 2169 natum
271 2132 426 2171 necasti,
455 2131 594 2193 Leges,
623 2145 710 2185 quae
727 2132 768 2170 id
786 2132 908 2171 facere
933 2132 1151 2184 prohibent,
1173 2145 1240 2172 ve-

110 2183 206 2224 ritus
225 2187 296 2226 es?
325 2194 366 2226 at
382 2199 432 2226 ne
454 2187 612 2239 scriptas
630 2186 787 2239 quidem
804 2185 998 2238 judicasti.
1027 2185 1168 2255 Cum
1143 2199 1239 2240 lpse
