1456 2396
187 105 267 144 306
312 101 792 143 ACADEMICORUM
813 101 912 141 LIB.
928 101 986 141 11.
1002 101 1106 142 CAP.
1126 103 1188 149 17.

188 212 292 250 enim
315 211 491 258 dicimus,
518 223 598 250 non
625 210 800 249 eamdem
825 223 904 249 esse
934 209 1015 248 vim
1042 221 1167 262 neque
1195 209 1295 250 inte-

187 266 364 317 gritatem
401 264 674 303 dormientium
705 272 741 303 et
770 264 1026 315 vigilantium,
1055 276 1125 303 nec
1155 271 1298 313 mente,

187 332 256 357 nec
274 331 398 357 sensu.
429 319 493 356 Ne
511 318 693 356 vinolenti
712 318 869 369 quidem
888 330 975 369 quae
992 317 1150 365 faciunt,
1166 317 1301 356 eadem

187 373 458 423 approbatione
473 372 631 420 faciunt,
647 372 725 423 qua
736 372 873 410 sobrii:
905 370 1095 418 dubitant,
1109 371 1300 421 haesitant,

187 433 363 464 revocant
383 439 420 464 se
439 426 661 471 interdum;
690 425 825 476 iisque,
852 438 939 476 quae
964 423 1154 472 videntur,
1179 424 1303 463 imbe-

188 480 312 518 cillius
331 479 611 517 assentiuntur:
642 492 808 530 cumque
826 477 1121 526 edormiverunt,
1138 477 1206 515 illa
1223 477 1305 517 visa

189 545 307 584 quam
325 533 424 571 levia
441 533 597 580 fuerint,
610 532 841 583 intelligunt.
871 531 989 580 Quod
1001 530 1105 569 idem
1118 530 1305 582 contingit

188 586 356 632 insanis;
389 594 431 624 ut
449 594 500 634 et,
520 586 742 638 incipientes
760 586 899 631 furere,
920 584 1083 623 sentiant
1101 592 1139 622 et
1161 584 1304 633 dicant,

189 640 350 691 aliquid,
371 640 474 691 quod
492 652 569 678 non
589 640 650 688 sit,
670 640 711 677 id
736 639 855 677 videri
873 638 970 683 sibi;
1001 645 1051 688 et,
1072 650 1161 676 cum
1179 638 1305 676 relax-

190 702 316 742 entur,
337 693 514 743 sentiant,
531 701 646 745 atque
663 693 731 731 ina
744 692 872 731 dicant
889 691 1150 730 Alcmaeonis:

245 768 274 790 “
286 767 363 807 Sed
376 767 713 872 mgggpneUtiqpam
727 780 789 807 cor
803 766 988 806 consentit
1002 778 1092 805 cum
1107 766 1306 805 oculorum

501 822 612 860 ectu)

189 907 249 946 At
267 907 369 946 enim
387 907 468 959 ipse
486 908 634 968 sapiens
654 907 814 946 sustinet
828 921 867 946 se
885 907 926 945 in
940 907 1082 956 furore,
1102 919 1151 945 ne
1168 920 1307 969 appro-

189 963 255 1001 bet
272 962 367 1000 falsa
382 975 454 1022 pro
473 962 581 999 veris.
610 960 667 998 Et
684 962 777 1000 alias
803 961 960 1023 quidem
979 974 1091 1012 saepe,
1118 961 1150 999 si
1171 969 1238 999 aut
1265 961 1307 999 in

190 1015 390 1054 sensibus
380 1015 499 1066 ipsius
519 1023 574 1052 est
592 1014 722 1065 aliqua
740 1015 836 1053 forte
854 1015 1018 1066 gravitas
1043 1022 1111 1052 aut
1134 1015 1306 1063 tarditas,

190 1076 258 1106 aut
277 1069 493 1107 obscuriora
511 1076 600 1106 sunt
614 1082 700 1120 quae
719 1069 909 1117 videntur,
925 1076 993 1106 aut
1010 1082 1033 1106 a
1046 1068 1307 1120 perspiciendo

191 1122 373 1173 temporis
405 1122 589 1160 brevitate
619 1122 845 1160 excluditur.
893 1122 1145 1173 Quamquam
1181 1129 1309 1160 totum

190 1175 276 1224 hoc,
298 1176 507 1226 sapientem
522 1175 727 1226 aliquando
739 1176 921 1214 sustinere
935 1175 1203 1224 assensionem,
1219 1187 1310 1214 con-

191 1236 250 1266 tra
272 1242 336 1267 vos
357 1236 423 1267 est.
466 1229 507 1267 Si
535 1229 637 1267 enim
666 1229 764 1267 inter
781 1230 862 1267 visa
885 1229 983 1267 nihil
1006 1229 1214 1277 interesset,
1241 1236 1310 1267 aut

192 1295 339 1333 semper
358 1283 571 1344 sustineret,
592 1290 660 1320 aut
678 1295 891 1334 nunquam.
934 1282 1011 1321 Sed
1025 1295 1072 1321 ex
1085 1282 1158 1321 hoc
1171 1294 1309 1333 genere

190 1343 270 1374 toto
288 1337 450 1387 perspici
461 1344 584 1387 potest
597 1336 730 1374 levitas
743 1337 920 1375 orationis
933 1349 1080 1383 eorum,
1096 1336 1166 1388 qui
1176 1336 1308 1374 onmia

191 1390 352 1440 cupiunt
372 1390 613 1428 confundere.
657 1389 879 1437 Quaerimus
896 1389 1106 1441 gravitatiS,
1133 1397 1309 1428 constan-

192 1444 268 1492 tiae,
301 1444 504 1491 firmitatis,
537 1444 731 1495 sapientiae
752 1444 944 1493 judicium
959 1458 971 1481 ε
1007 1443 1155 1481 utimur
1179 1455 1310 1482 exem-

191 1497 265 1547 plis
285 1498 573 1545 somniantium,
593 1497 838 1546 furiosorum,
855 1497 1099 1536 ebriosorum.
1130 1496 1238 1535 Illud
1251 1503 1309 1535 at-

191 1551 408 1600 tendamus,
438 1551 480 1588 in
507 1551 579 1590 hoc
605 1551 713 1589 omni
739 1564 876 1602 genere
908 1563 1027 1603 quam
1054 1551 1309 1589 inconstanter

190 1605 407 1655 loquamur.
449 1605 541 1643 Non
567 1605 670 1642 enim
699 1604 954 1656 proferremus
972 1604 1061 1642 vino
1085 1611 1153 1642 aut
1174 1616 1309 1642 somno

191 1670 402 1708 oppreSSOS,
430 1666 497 1696 aut
521 1664 649 1697 mente
675 1665 816 1710 captos,
843 1666 923 1697 tam
949 1657 1126 1707 absurde,
1146 1664 1191 1696 ut
1221 1665 1309 1696 tum

191 1711 402 1749 diceremus
420 1711 598 1750 interesse
621 1712 719 1750 inter
737 1711 981 1763 vigilantium
1000 1711 1080 1750 visa
1104 1719 1141 1750 et
1165 1711 1309 1750 sobrio-

191 1778 281 1803 rum
309 1773 345 1803 et
363 1777 557 1810 sanorum,
578 1772 615 1804 et
634 1777 766 1804 eorum
788 1765 857 1818 qui
875 1772 998 1804 essent
1022 1765 1131 1803 aliter
1155 1764 1305 1811 affecti;

192 1826 279 1856 tum
297 1818 394 1856 nihil
411 1818 599 1856 interesse.

247 1872 312 1910 Ne
329 1872 401 1910 hoc
419 1872 575 1924 quidem
588 1879 762 1922 cernunt,
777 1872 909 1911 omnia
919 1886 958 1912 se
968 1871 1124 1911 reddere
1136 1872 1305 1919 incerta3

193 1925 298 1978 quod
315 1926 453 1968 nolunt
471 1929 533 1969 (ea
556 1925 640 1965 dico
657 1926 814 1974 incerta,
835 1940 922 1978 quae
943 1925 1057 1969 αὸηλα
1078 1926 1219 1973 Graeci)
1233 1940 1245 1964 1
1275 1926 1309 1964 si

193 1979 297 2017 enim
315 1991 373 2017 res
392 1992 431 2017 se
447 1979 502 2017 ita
518 1980 698 2029 habeant,
717 1988 761 2018 ut
788 1980 886 2018 nihil
909 1979 1069 2028 intersit,
1095 1987 1229 2018 utrum
1252 1979 1309 2018 ita

191 2033 255 2070 cui
273 2032 459 2081 videatur,
479 2040 523 2070 ut
539 2033 686 2082 insano,
702 2046 752 2072 an
771 2046 888 2079 sano3
918 2033 980 2072 cui
997 2033 1115 2084 possit
1133 2033 1308 2084 explora-

193 2094 279 2124 tum
303 2099 380 2124 esse
404 2086 452 2124 de
476 2087 546 2125 sua
570 2087 761 2126 sanitate?
790 2062 894 2140 quod
922 2087 1018 2126 velle
1042 2086 1201 2136 efficere,
1227 2098 1306 2126 non

192 2139 415 2178 mediocris
405 2140 561 2179 msaniae
579 2148 646 2180 est.

199 2215 206 2219 -
247 2193 525 2234 Similitudines
550 2208 638 2236 vero
662 2201 729 2235 aut
747 2195 1003 2248 geminorum,
1023 2202 1090 2235 aut
1109 2195 1305 2247 signorum
