1456 2396
286 65 372 108 AD
392 63 777 116 HERENNIUM‚
799 65 899 105 Lm.
922 66 998 107 IV.
1020 66 1125 108 CAP.
1144 70 1209 109 25.
1240 72 1320 112 233

192 185 231 219 ω
242 175 377 217 veteris
390 174 569 215 amicitiae
587 174 940 226 commonefaceret,
958 185 1173 218 commotus
1187 183 1257 220 es?
1278 189 1319 221 at

191 232 314 271 nihilo
337 231 482 279 minus,
509 229 576 269 sed
600 229 717 268 etiam
736 230 941 270 studiosius
960 232 1140 271 occidisti.
1171 234 1281 282 Quid
1296 239 1314 276 ?

190 298 281 326 cum
305 285 376 324 tibi
401 284 511 337 pueri
536 283 586 322 ad
610 284 725 336 pedes
750 284 1027 334 volutarentur,
1055 288 1317 330 misericordia,

187 347 317 379 motus
342 353 381 379 ὅ
395 341 413 378 Ρ
442 347 482 377 at
507 352 639 377 eorum
658 346 808 391 patrem
831 340 1091 380 crudelissime
1117 345 1317 395 sepultura

188 407 344 448 quoque
372 393 644 446 prohibuisti.’'
686 393 867 431 Multum
898 394 997 433 inest
1027 397 1245 437 acrimoniae
1279 407 1317 438 et

186 449 383 502 gravitatis
408 449 449 487 in
473 447 546 486 hac
571 448 830 496 exornatione,
859 456 1058 500 propterea
1085 452 1202 502 quod,
1224 466 1314 493 cum

186 504 394 557 quaesitum
420 510 489 551 est,
517 502 612 554 quid
640 510 824 554 oporteat,
854 503 1054 553 subjicitur
1078 505 1119 543 id
1138 519 1215 545 non
1236 521 1316 548 esse

186 559 345 598 factum.
374 557 508 606 Quare
521 557 703 596 facillime
716 557 775 603 fit,
792 565 835 595 ut
856 566 1090 609 exaugeatur
1104 560 1313 612 indignitas

187 614 342 665 negotii,
378 613 444 652 Ex
469 611 603 650 eodem
628 625 780 664 genere,
812 620 856 650 ut
885 612 935 650 ad
960 621 1131 652 nostram
1158 629 1314 669 quoque

185 680 388 721 personam
406 666 616 706 referamus
631 667 920 717 subjectionem,
938 668 1015 706 sic:
1040 670 1067 690 “
1088 669 1194 707 Nam
1216 672 1312 722 quid

186 736 251 762 me
268 723 391 761 facere
407 721 599 770 convenit,
629 734 718 760 cum
738 735 761 760 a
779 722 887 760 tanta
908 722 1111 760 Gallorum
1130 726 1313 764 multitu-

183 779 275 817 dine
289 776 581 816 circumsederer
595 779 613 816 Ρ
643 789 692 815 an
718 776 973 816 dimicarem?
1003 785 1056 823 at,
1078 791 1167 816 cum
1192 781 1312 831 parva

180 845 302 872 manu
316 839 401 870 tum
416 831 670 883 prodiremus,
685 831 815 870 locum
831 845 985 884 quoque
999 832 1310 874 inimicissimum

179 888 429 927 habebamus.
455 885 635 925 Sederem
648 886 690 925 in
705 886 834 925 castris
849 889 865 925 ?
881 894 921 924 at
935 899 1061 939 neque
1076 888 1306 938 subsidium,

179 941 287 995 quod
305 948 580 993 exspectarem,
599 940 864 987 habebamus;
895 954 1020 993 neque
1047 950 1140 989 erat,
1162 945 1231 994 qui
1252 944 1309 982 vi-

180 1004 262 1036 tam
281 995 589 1049 produceremus.
620 995 754 1035 Castra
778 996 1068 1048 relinquerem?
1099 1005 1139 1035 at
1157 998 1307 1037 obside-

179 1053 331 1092 bamur.
360 1051 498 1090 Vitam
523 1050 695 1090 militum
717 1050 984 1102 negligerem?
1013 1058 1053 1090 at
1078 1051 1124 1090 ea
1149 1052 1307 1092 videbar

179 1120 243 1146 eos
272 1106 458 1158 accepisse
487 1105 716 1153 conditione,
747 1112 806 1154 ut,
841 1105 969 1157 quoad
1002 1119 1167 1158 possem,
1202 1108 1306 1146 inco-

177 1163 304 1202 lumoe
328 1160 462 1213 patriae
490 1168 528 1198 et
553 1161 776 1212 parentibus
802 1172 1075 1199 conservarem.
1117 1161 1304 1202 Hostium

178 1216 434 1261 conditionem
453 1215 728 1266 repudiarem?
758 1222 797 1253 at
816 1215 917 1253 salus
943 1216 1135 1267 antiquior
1155 1224 1210 1255 est
1228 1218 1304 1256 mi..

177 1271 308 1320 litum,
328 1283 446 1323 quam
464 1269 872 1321 impedimentorum.”
914 1270 1154 1320 Hujusmodi
1174 1284 1303 1310 conse-

178 1333 352 1379 quuntur
377 1324 587 1363 identidem
614 1325 880 1374 subjectiones,
907 1331 952 1362 ut
977 1337 1024 1362 ex
1043 1326 1223 1364 omnibus
1242 1340 1303 1365 os-

175 1381 281 1420 tendi
299 1379 487 1426 videatur,
507 1378 606 1417 nihil
624 1379 766 1431 potius,
787 1391 921 1431 quam,
943 1378 1047 1431 quod
1070 1379 1216 1419 factum
1236 1382 1299 1430 sit,

172 1435 392 1475 faciendum
410 1433 539 1472 fuisse.

229 1490 368 1529 XXV.
400 1487 585 1527 Gradatio
612 1495 682 1536 est,
708 1487 750 1526 in
777 1487 856 1540 qua
881 1500 959 1527 non
982 1497 1070 1528 ante
1095 1489 1144 1528 ad
1171 1501 1300 1529 conse-

174 1558 297 1599 quens
323 1546 485 1583 verbum
511 1543 765 1590 descenditur,
794 1555 913 1594 quam
941 1543 991 1582 ad
1016 1545 1189 1596 superius
1208 1557 1299 1583 con-

174 1612 350 1640 scensum
381 1606 450 1647 est,
477 1598 551 1637 hoc
574 1598 715 1636 modo:
747 1599 776 1620 “
797 1597 905 1635 Nam
928 1611 1016 1650 quae
1040 1599 1188 1650 reliqua
1213 1596 1299 1651 spes

173 1661 305 1694 manet
333 1653 532 1702 libertatis,
560 1653 592 1691 si
620 1653 711 1702 illis,
743 1658 794 1700 et,
827 1652 930 1704 quod
960 1653 1068 1702 libet,
1098 1654 1211 1700 licet3
1243 1662 1294 1703 et,

170 1710 277 1764 quod
302 1709 404 1757 licet,
431 1714 617 1760 possunt;
647 1715 698 1757 et,
719 1706 823 1760 quod
842 1715 1015 1758 possunt,
1043 1709 1210 1753 audent3
1242 1716 1293 1758 et,

171 1764 278 1818 quod
294 1764 452 1811 audent,
481 1763 655 1809 faciunt3
686 1770 737 1812 et,
764 1761 869 1814 quod
893 1761 1053 1810 faciunt,
1081 1764 1188 1802 vobis
1209 1775 1294 1802 mo-

167 1819 311 1859 lestum
340 1831 419 1858 non
448 1825 504 1856 est
517 1818 564 1857 ?''
594 1818 712 1866 Item,
743 1820 772 1841 “
792 1816 886 1855 Non
917 1817 1015 1856 sensi
1039 1817 1125 1865 hoc,
1153 1825 1191 1856 et
1215 1830 1293 1857 non

168 1874 296 1921 suasi3
325 1886 451 1926 neque
473 1872 589 1920 suasi,
621 1878 659 1910 et
683 1884 762 1912 non
780 1872 862 1923 ipse
880 1871 1010 1909 statim
1028 1871 1151 1911 facere
1170 1873 1291 1925 coepi;

167 1941 294 1981 neque
317 1928 438 1967 facere
457 1927 566 1979 coepi,
588 1934 626 1966 et
642 1939 721 1966 non
739 1925 906 1978 perfeci3
936 1938 1062 1979 neque
1079 1927 1234 1979 perfeci,
1256 1934 1293 1966 et

164 1995 245 2023 non
263 1982 464 2036 probavi.”
502 1982 621 2029 Item,
643 1984 672 2004 “
691 1981 878 2021 Africano
892 1980 1080 2020 industria
1093 1981 1289 2031 virtutem,

164 2038 287 2077 virtus
312 2037 488 2089 gloriam,
515 2036 636 2087 gloria
661 2037 835 2086 aemulos,
855 2036 1131 2087 comparavit.’'
1171 2037 1289 2085 Item,

165 2094 198 2116 “
218 2092 434 2144 Imperium
454 2090 614 2130 Graeciae
626 2090 702 2130 fuit
718 2104 836 2143 penes
860 2090 1142 2136 Atheniensem
1163 2089 1291 2129 Athe-

166 2147 359 2187 niensium
387 2146 499 2198 pon'ti
524 2152 614 2183 sunt
639 2146 867 2198 Spartiatae3
898 2145 1108 2197 spartiatas
1133 2158 1290 2197 supera-

164 2203 253 2242 vere
277 2200 484 2249 Thebani3
513 2199 724 2241 Thebanos
748 2199 984 2241 Macedones
1008 2199 1193 2250 vicerunt,
1220 2200 1289 2252 qui

882 2266 914 2293 x
935 2254 959 2292 3
