1456 2396
175 82 252 121 128
317 77 493 120 ORAT.
525 74 943 126 PARTITIONES,
974 73 1080 114 CAP.
1101 74 1168 115 34.

172 203 264 229 men
283 189 407 229 causis
429 188 536 240 ipsis,
564 195 602 225 et
622 185 808 226 efficiendi
823 183 1086 234 facultatibus,
1106 183 1178 224 niti
1196 198 1310 238 opor.

176 245 287 291 tebit,
309 243 493 293 adjuncta
510 241 580 280 illa
598 241 855 293 disputatione
873 239 1085 288 communi,
1101 251 1179 278 non
1193 239 1311 280 fuisse

177 300 292 337 fflum
311 306 392 336 tam
412 305 620 343 amentem,
642 303 686 334 ut
704 295 845 333 indicia
863 293 954 332 facti
973 301 1040 331 aut
1058 293 1226 345 effligere
1243 302 1312 333 aut

177 354 369 392 occultare
388 364 466 390 non
485 358 637 403 posset3
666 357 712 388 ut
730 349 785 387 ita
802 356 956 400 apertus
980 355 1089 397 esset,
1112 355 1158 386 ut
1181 349 1312 388 locum

179 408 333 446 crimini
351 407 594 458 relinqueret.
625 403 856 443 Communis
873 403 940 441 ille
958 410 1090 441 contra
1105 403 1227 451 locus,
1243 417 1314 442 au-

180 462 331 501 daciam
350 461 569 508 temeritati,
590 472 669 498 non
693 457 923 511 prudentiae,
949 470 1028 496 esse
1053 458 1313 507 conjunctam.

183 516 367 568 Sequitur
396 523 528 554 autem
556 513 623 551 ille
651 515 758 552 locus
783 512 833 550 ad
859 511 1096 563 augendum,
1126 525 1206 550 non
1234 526 1314 551 <sse

183 570 501 622 exspectandum,
533 568 630 606 dum
658 568 852 606 fateatur:
893 566 1130 617 argumentis
1160 574 1315 619 peccata

184 625 384 665 convinci:
417 631 454 662 et
471 624 537 661 hic
555 623 671 661 etiam
691 621 870 672 exempla
887 628 1092 672 ponentur.

239 678 447 718 XXXIV.
468 679 604 729 Atque
622 678 704 715 haec
723 675 882 728 quidem
901 675 949 713 de
967 675 1217 727 argumentis.
1247 677 1317 716 Sin

186 741 318 773 autem
351 733 422 772 erit
454 733 570 771 etiam
600 732 757 770 testium
786 730 962 778 facultaS,
994 729 1168 782 primum
1196 744 1320 783 genus

186 789 259 827 erit
277 789 406 840 ipsum
424 786 680 835 laudandum,
696 784 995 836 dicendumque,
1015 797 1064 823 ne
1083 787 1321 837 argumentis

188 850 382 882 teneretur
411 855 511 889 reus,
543 841 673 892 ipsum
703 840 774 879 sua
803 839 978 879 cautione
1003 839 1182 887 effecisse,
1209 848 1323 881 testae

189 898 358 949 effugere
389 909 468 934 non
500 896 696 947 potuisse:
739 893 877 933 deinde
910 893 1054 944 singuli
1084 894 1293 934 laudentur
1308 912 1321 936 :

191 955 298 1003 (quae
327 959 459 990 autem
490 958 614 988 essent
642 949 867 996 laudabilia,
892 947 1039 986 dictum
1063 956 1163 996 estz)
1187 949 1326 991 deinde

191 1007 309 1044 etiam
328 1011 556 1057 argumento
575 1004 702 1053 firmo,
723 1003 816 1056 quia
834 1009 965 1040 tamen
984 1015 1085 1054 saepe
1097 1003 1241 1043 falsum
1256 1014 1327 1057 est,

190 1074 301 1112 posse
319 1068 419 1099 recte
437 1071 515 1097 non
535 1058 662 1105 credi3
693 1059 774 1097 viro
792 1060 895 1096 bono
921 1064 959 1095 et
980 1056 1107 1105 firmo,
1132 1059 1213 1098 sine
1234 1061 1329 1102 vitio

188 1115 345 1165 judicis,
377 1126 455 1152 non
485 1126 595 1164 posse
623 1125 702 1151 non
733 1112 847 1151 credi.
887 1111 1024 1163 Atque
1049 1112 1180 1162 etiam,
1206 1115 1238 1153 si
1259 1118 1329 1156 ob-

192 1170 293 1207 scuri
323 1176 436 1207 testes
467 1175 592 1215 erunt,
625 1175 693 1206 aut
721 1174 869 1214 tenues,
901 1166 1108 1205 dicendum
1134 1168 1219 1218 erit,
1249 1182 1328 1210 non

194 1237 274 1262 esse
294 1236 341 1262 ex
361 1222 517 1261 fortuna
535 1221 653 1259 fidem
671 1221 975 1273 ponderandam,
995 1228 1064 1259 aut
1082 1234 1145 1260 eos
1163 1235 1244 1262 ωδε
1261 1237 1329 1264 cu-

191 1279 334 1330 jusque
353 1276 670 1328 locupletissimos
689 1283 816 1323 taetes,
837 1276 906 1327 qui
925 1275 980 1323 id,
1001 1275 1049 1314 de
1073 1289 1152 1328 quo
1176 1286 1328 1330 agatur,

194 1333 378 1371 facillime
407 1332 500 1370 scire
529 1331 687 1382 possint.
728 1330 798 1371 Sin
828 1331 1056 1382 quaestiones
1080 1331 1236 1382 habitae,
1263 1342 1332 1374 aut

194 1387 401 1438 postulatio
431 1393 476 1424 ut
505 1386 734 1435 habeantur,
762 1398 918 1423 causam
943 1384 1210 1435 adjuvabunt;
1241 1401 1332 1428 oon-

197 1441 433 1479 firmandum
453 1453 574 1492 genus
598 1440 772 1492 primum
799 1439 1057 1491 quaestionum
1077 1441 1173 1480 erit:
1202 1441 1332 1482 dicen.

197 1496 294 1534 dum
319 1495 367 1534 de
393 1496 432 1533 vi
457 1495 611 1543 doloris,
637 1494 685 1533 de
710 1495 889 1547 opinione
914 1495 1123 1544 majorum,
1149 1496 1218 1548 qui
1243 1511 1331 1537 fflm

196 1563 279 1588 rem
306 1558 441 1597 totam,
470 1549 544 1588 nisi
569 1549 806 1601 probassent,
834 1556 934 1588 certe
958 1549 1248 1600 repudiassenu
1284 1553 1334 1592 de

197 1604 382 1642 institutis
401 1603 717 1652 Atheniensium,
742 1603 1002 1652 Rhodiorum,
1026 1602 1335 1647 doctissimorum

198 1659 419 1705 hominum,
440 1658 545 1710 apud
568 1671 664 1710 quos
687 1658 805 1697 etiam
831 1658 888 1701 (id
914 1658 1019 1709 quod
1044 1659 1335 1701 acerbissimum

200 1721 273 1761 est)
292 1713 403 1751 liberi
423 1713 598 1764 civesque
617 1720 869 1765 torquentur3
899 1712 948 1750 de
972 1718 1191 1751 nostrorum
1217 1716 1336 1756 etiam

199 1767 586 1820 prudentissimorum
616 1767 821 1805 hominum
850 1766 1048 1815 institutis,
1077 1768 1145 1819 qui
1170 1781 1261 1808 cum
1286 1771 1337 1811 de

201 1821 318 1861 servis
336 1821 378 1859 in
397 1821 573 1861 dominos
593 1822 713 1874 quaeri
725 1821 950 1870 noluissent,
972 1821 1020 1860 de
1030 1821 1177 1861 incestu
1188 1829 1334 1876 tamen,

202 1884 242 1916 et
266 1875 542 1926 conjuratione,
568 1890 656 1928 quae
678 1877 779 1915 facta
803 1889 867 1915 me
891 1876 1046 1915 consule
1069 1883 1139 1924 oet,
1163 1891 1340 1930 quaeren-

203 1931 301 1970 dum
319 1938 564 1983 putaverunt.
595 1931 795 1970 Irridenda
813 1931 929 1970 etiam
948 1930 1156 1982 disputatio
1174 1940 1245 1981 oet,
1260 1936 1343 1986 qua,

204 1987 328 2025 solent
356 1985 416 2023 uti
447 1985 498 2023 ad
528 1985 777 2024 infirmandas
811 1985 1052 2037 quaestionoe,
1086 1993 1124 2024 et
1153 1987 1341 2029 meditata

203 2040 439 2093 puerilisque
464 2039 636 2079 dicenda.
676 2040 785 2078 Tum
807 2039 982 2079 facienda
1003 2039 1111 2088 fides,
1135 2040 1339 2093 diligenter

204 2108 285 2134 asse
299 2102 337 2133 et
351 2095 431 2133 sine
445 2094 654 2147 cupiditate
669 2094 898 2146 quaesitum
923 2094 1101 2147 dictaque
1115 2096 1336 2147 quaestionis

203 2149 441 2202 argumentis
470 2157 509 2188 et
536 2149 754 2199 conjectura
785 2149 1044 2201 ponderanda.
1085 2149 1222 2203 Atque
1252 2152 1336 2193 haec

204 2204 452 2245 accusationis
471 2203 550 2246 fere
567 2205 743 2246 membra
761 2211 863 2246 sunt·
