1456 2396
184 101 268 141 AD
287 99 669 152 HERENNIUM,
691 101 790 141 LIB.
805 101 864 144 Π.
880 101 985 141 CAP.
1002 99 1064 146 172
1108 98 1182 143 171

73 221 160 262 quae
186 209 416 261 suspiciones
443 223 491 249 ex
519 210 764 260 conjecturali
791 208 1057 249 constitutione
1085 204 1186 245 trahi

72 263 230 316 possint,
263 277 350 315 quae
365 264 605 325 significent,
636 264 677 302 id
709 265 880 303 consulto
911 263 1058 301 factum
1090 273 1184 308 esse,

72 317 177 369 quod
195 318 400 356 necessario
418 318 594 356 accidisse
612 318 761 356 dicitur.
791 317 956 365 Deinde,
971 316 1003 355 si
1015 314 1186 354 maxime

73 370 307 409 necessitudo
326 372 518 424 quaepiam
543 372 672 420 fuerit,
701 372 960 410 Conveniatne
986 383 1071 408 eam
1096 369 1186 408 satis

72 424 249 463 idoneam
267 438 421 463 causam
439 426 589 477 putari.
580 428 597 454 9
627 401 672 465 Si’
683 434 813 464 autem
827 424 1086 476 imprudentia
1099 435 1186 461 reus

73 490 113 516 se
130 491 301 529 peccasse
319 479 430 528 dicet,
446 480 616 531 primum
636 487 840 531 quaeretur,
853 480 999 517 Utrum
1017 476 1184 529 potuerit

73 530 179 581 scire,
193 545 240 570 an
253 545 331 571 non
349 534 544 585 potuerit?
574 534 739 582 Deinde,
755 534 900 571 Utrum
919 532 1008 570 data
1027 531 1075 569 sit
1094 543 1185 581 ope-

71 598 128 634 ra,
141 593 186 623 ut
200 586 368 636 sciretur,
381 600 431 625 an
449 600 550 626 non.
541 590 558 615 9
588 587 755 634 Deinde,
772 588 917 625 Ltrum
937 599 1025 624 casu
1044 584 1186 623 nescie-

72 638 137 687 rit,
158 652 207 678 an
225 641 361 691 culpa.
353 616 370 669 9
398 654 490 679 113111
509 642 576 693 qui
595 655 634 680 se
651 650 804 693 propter
823 641 972 688 vinum,
993 647 1059 678 aut
1078 651 1185 676 amo-

72 705 168 754 rem,
189 701 256 732 aut
273 695 521 745 iracundiam,
537 695 680 746 fugisse
694 695 879 733 rationem
894 694 1006 741 dicet,
1019 693 1050 731 is
1066 691 1186 734 animi

71 746 164 785 vitio
178 747 367 786 videbitur
380 750 555 797 nescisse,
571 762 648 787 non
659 749 947 801 imprudentia·
979 760 1096 798 quare
1107 758 1185 783 non

72 799 332 852 imprudentia
361 815 400 841 se
428 803 618 848 defendet,
651 803 717 841 sed
752 803 866 853 culpa
898 799 1183 841 contaminabit.

73 852 224 893 Deinde
249 857 494 905 conjecturali
523 857 790 895 constitutione
815 863 1019 908 quaeretur,
1040 855 1185 892 Utrum

72 908 208 957 scierit,
243 921 292 947 an
324 910 578 961 ignoraverit.
569 914 586 939 9
626 918 663 948 01
696 910 1007 957 considerabitur,
1037 908 1186 947 Satisne

70 961 328 1013 imprudentia
352 965 517 1015 praesidii
542 965 677 1013 debeat
702 978 794 1014 esse,
822 977 910 1002 cum
936 964 1081 1001 factum
1108 975 1145 1000 es
1148 974 1187 1000 se

71 1022 238 1055 constet.
229 1019 246 1045 9
276 1017 378 1056 Cum
404 1019 446 1056 in
471 1011 667 1057 fortunam
693 1032 806 1057 causa
831 1017 1056 1065 conferetur,
1078 1024 1114 1054 et
1141 1029 1186 1053 ea

70 1082 111 1107 re
128 1069 330 1109 defensor'
319 1073 463 1122 ignosci
486 1086 551 1111 reo
576 1073 675 1111 dicet
699 1080 883 1124 oportere,
905 1071 1038 1109 eadem
1057 1070 1187 1109 omnia

71 1123 250 1162 videntur
279 1126 563 1175 consideranda,
593 1141 680 1178 quae
712 1127 760 1165 de
788 1125 1062 1164 necessitudine
1089 1137 1188 1175 prae-

70 1177 211 1239 scripta
229 1186 328 1217 sunt.
358 1179 517 1219 Etenim
535 1194 666 1219 omnes
684 1181 746 1218 hae
760 1188 834 1218 tres
852 1187 977 1231 partes
991 1178 1187 1230 purgatio,-

70 1230 130 1268 nis
148 1231 248 1270 inter
265 1246 304 1271 se
330 1233 503 1272 finitimae
528 1242 630 1281 sunt,
657 1242 702 1272 ut
726 1234 767 1271 in
793 1246 925 1272 omnes
951 1233 1084 1271 eadem
1107 1232 1187 1270 fere

67 1285 214 1336 possint
232 1288 520 1329 accommodari.
562 1288 658 1327 Loci
668 1301 890 1327 communes
903 1288 944 1325 in
962 1287 1022 1328 his
1036 1285 1182 1325 causis·
1170 1314 1183 1332 ‚

70 1340 294 1378 accusatoris
320 1349 450 1379 contra
476 1355 579 1391 eum,
601 1343 681 1393 qui,
702 1354 791 1380 cum
817 1355 856 1379 se
873 1341 1044 1392 peccasse
1069 1340 1188 1378 confi-

69 1399 207 1441 teatur,
223 1400 353 1432 tamen
364 1393 531 1434 oratione
541 1396 689 1445 judices
701 1395 942 1434 demoretur:
964 1393 1185 1442 defensoris,

71 1445 119 1484 de
131 1446 382 1497 humanitate,
395 1449 675 1488 misericordia:
706 1448 963 1489 voluntatem
953 1461 994 1486 m
1006 1448 1186 1486 omnibus

69 1501 183 1539 rebus
202 1502 361 1563 spectari
380 1503 684 1553 0011νο11110ςο1,
701 1517 787 1555 quae
806 1504 976 1541 consulto
993 1502 1095 1540 faeta.
1107 1513 1185 1539 non

68 1554 156 1602 sint,
177 1554 218 1592 in
236 1555 282 1594 iis
299 1555 476 1595 fraudem
495 1571 572 1596 esse
590 1570 668 1596 non
687 1565 869 1609 oportere.

122 1608 266 1647 XVII.
296 1609 574 1662 Deprecatione
590 1619 758 1661 utemur,
779 1625 868 1650 cum
890 1610 1097 1649 fatebimur
1115 1621 1184 1647 nos

70 1662 257 1725 peccasse,
290 1676 415 1716 neque
446 1665 487 1704 id
518 1666 794 1717 imprudenter,
823 1672 890 1703 aut
915 1664 1090 1713 fortuitu,
1119 1670 1187 1701 aut

69 1717 276 1755 necessario
302 1718 432 1757 fecisse
461 1719 645 1769 dicemus,
676 1727 713 1758 et
744 1728 874 1758 tamen
905 1718 1050 1781 ignosci
1075 1716 1185 1755 nobis

69 1771 360 1821 postulabimus.
401 1773 482 1814 Hic
500 1773 718 1836 ignoscendi
742 1774 838 1812 ratio
863 1773 1046 1825 quaeritur
1065 1784 1113 1809 ex
1138 1770 1185 1808 115

69 1823 174 1872 10015,
206 1824 238 1862 51
267 1826 380 1876 plura
406 1834 473 1864 aut
498 1829 645 1878 majora
671 1827 807 1876 officia,
836 1840 955 1879 quam
982 1824 1182 1873 maleficia,

69 1877 302 1917 videbuntur
320 1888 514 1928 constare;
545 1883 577 1920 si
602 1895 680 1934 qua
697 1883 816 1920 virtus
835 1889 902 1919 aut
919 1880 1097 1918 nobilitas
1116 1878 1186 1917 erit

66 1929 109 1968 in
129 1943 185 1980 eo,
206 1933 274 1984 qui
299 1911 554 1986 supplicabit,
585 1936 617 1974 si
641 1949 719 1987 qua
745 1949 828 1987 spes
854 1935 937 1996 erit,
964 1933 1053 1972 usui
1076 1933 1183 1970 futu-

70 1996 172 2032 rum,
202 1986 234 2023 si
261 1986 340 2025 sine
367 1989 553 2040 supplicio
580 1990 811 2035 discesserit3
842 1989 872 2026 si
899 1989 980 2039 ipse
1007 1987 1072 2024 ille
1093 1999 1184 2036 sup-

68 2039 174 2088 plex,
194 2048 416 2081 mansuetus
435 2050 472 2080 et
496 2044 610 2083 miser
611 2045 706 2082 10015
725 2044 766 2080 111
791 2042 1040 2094 potestatibus
1059 2047 1185 2078 osten-

68 2091 180 2130 detur
198 2093 340 2140 fuisse3
370 2096 402 2134 si
428 2109 485 2145 ea,
508 2111 595 2149 quae
619 2097 805 2158 peccavit,
827 2109 903 2135 non
930 2095 1031 2143 odio,
1058 2105 1184 2144 neque

66 2145 300 2196 crudelitate,
315 2149 381 2187 sed
394 2150 517 2189 officio
535 2159 572 2190 et
590 2159 690 2190 recto
705 2150 831 2189 studio
842 2156 1054 2189 commotus
1065 2147 1179 2185 fecit·
1166 2174 1179 2192 ‚

64 2198 95 2236 si
115 2199 183 2239 tali
199 2201 247 2240 de
265 2203 379 2242 causa
398 2204 480 2247 aliis
495 2218 649 2258 quoque
666 2205 842 2257 ignotum
857 2211 942 2251 est3
971 2202 1004 2241 si
1021 2201 1118 2241 nihil
1132 2201 1182 2240 ab
