1456 2396
190 91 272 130 AD
292 88 668 138 HERENNIUM,
690 88 788 127 L113.
807 89 864 128 II.
885 89 988 128 CAP.
1006 88 1069 126 21.
1104 88 1177 133 175

66 197 185 236 tiones
209 198 280 236 hac
304 197 552 249 praeceptione
573 197 613 234 in
632 209 665 234 o
657 196 809 234 nnibus
827 196 998 257 partibus
1017 203 1173 243 tentare,

69 259 106 288 et
133 253 180 289 ab
205 252 335 303 aliqua
358 259 465 302 parte
488 251 712 288 labefactare
738 251 936 312 possimus.
976 249 1178 301 Expositio

67 304 199 342 vitiosa
227 312 295 352 est,
325 317 414 342 cum
440 306 488 342 ab
517 304 647 354 aliqua
676 311 743 341 aut
772 317 795 340 a
821 305 965 364 majore
993 312 1099 354 parte
1127 302 1175 340 ad

64 369 194 396 omnes
212 358 400 396 confertur
418 357 472 405 id,
493 358 596 408 quod
614 369 690 395 non
709 358 912 395 necessario
927 365 982 396 est
999 357 1176 395 onmibus

64 411 314 456 attributum3
335 419 379 448 ut
397 411 428 449 si
446 412 531 462 quis
544 411 616 448 hoc
629 410 743 448 modo
758 418 945 461 exponat:
970 414 997 433 “
1013 410 1175 457 Omnes,

65 464 133 515 qui
149 465 189 502 in
207 472 428 516 paupertate
446 473 548 512 sunt,
568 465 718 502 malunt
731 464 916 502 maleficio
933 477 1065 525 parare
1079 464 1175 502 divi-

66 518 150 565 tias,
171 531 288 569 quam
313 518 434 556 officio
459 525 721 569 paupertatem
746 518 854 556 tueri.
860 519 884 535 ”
924 518 966 556 Si
995 519 1079 569 quis
1104 519 1176 556 hoc

63 571 178 610 modo
192 571 405 623 exposuerit
415 572 794 622 argumentationem,
811 579 854 608 ut
867 584 943 609 non
956 580 1060 609 curet
1071 585 1176 622 quae-

64 637 158 673 rere,
179 625 301 676 qualis
324 626 419 663 ratio
444 634 511 663 aut
535 625 689 663 rationis
715 625 948 663 confirmatio
966 625 1026 673 sit,
1053 626 1176 676 ipsam

65 677 173 716 facile
187 678 501 730 reprehendemus
515 679 801 730 expositionem,
818 691 905 716 cum
920 686 1023 716 osten
1026 678 1173 727 demus,

63 731 117 780 id,
149 732 286 783 quod'
275 745 316 769 111
346 733 474 783 aliquo
503 746 668 784 paupere
692 733 866 783 improbo
893 732 952 780 sit,
980 732 1020 770 in
1044 745 1177 771 omnes

65 798 247 836 pauperes
271 786 366 824 falso
392 794 428 824 et
452 786 593 836 injuria
619 786 787 824 conferri.
829 787 930 824 Item
956 785 1088 825 vitiosa
1111 799 1177 823 exn

65 839 200 890 positio
218 846 286 887 est,
307 852 395 877 cum
413 839 466 888 id,
487 840 591 890 quod
609 853 692 877 raro
711 840 767 887 fit,
787 839 867 877 fieri
886 839 1042 877 omnino
1061 852 1176 890 nega-

66 900 141 940 tur,
161 893 233 930 hoc
246 893 383 931 modo:
416 896 444 915 ‘⁶
466 894 593 931 Nemo
607 901 730 944 potest
743 906 820 931 uno
840 893 1033 944 adspectu,
1053 905 1177 944 neque

64 946 292 997 praeteriens,
321 947 361 984 in
389 960 558 985 amorem
585 947 789 986 incidere.”
829 948 936 984 Nam
963 959 1176 985 0111111101]-

63 1012 175 1038 nemo
199 1000 412 1040 devenerit
402 1013 442 1037 111
457 1014 626 1038 amorem
643 1014 721 1038 uno
739 1001 931 1051 adspectu,
952 1008 988 1038 et
1006 1013 1093 1038 cum
1112 1001 1178 1038 ille

62 1053 255 1096 neminem
279 1054 417 1092 dixerit
439 1054 618 1099 011111111ος
649 1055 745 1092 nihil
763 1055 900 1101 differt,
920 1067 1004 1092 raro
1021 1054 1061 1091 id
1079 1054 1175 1101 fieri,

63 1107 272 1156 dummodo
299 1108 503 1159 aliquando
522 1108 630 1146 fieri.
622 1116 687 1145 ‘tut
701 1121 812 1169 Ρο550
829 1108 909 1145 fieri
927 1108 1174 1159 intelligatur.

117 1154 237 1202 XXI.
268 1162 369 1202 Item
395 1162 527 1200 vitiosa
552 1158 736 1212 expositio
761 1169 828 1209 est,
855 1174 943 1199 cum
968 1174 1098 1199 omnes
1118 1174 1175 1199 res

61 1214 296 1253 ostendimus
314 1227 383 1253 nos
408 1215 612 1266 collegisse,
641 1222 677 1253 et
701 1215 871 1275 aliquam
895 1228 976 1253 rem
1000 1210 1177 1260 idoneam

65 1268 314 1319 praeterimus,
333 1269 406 1306 hoc
422 1269 536 1306 modo
551 1283 560 1305 :
593 1272 621 1291 “
638 1268 833 1316 Quoniam
850 1268 967 1319 igitur
980 1269 1177 1311 hominem

65 1322 230 1360 occisum
256 1329 399 1360 constat
424 1335 514 1368 esse,
540 1334 688 1360 necesse
705 1329 767 1374 est
792 1329 859 1360 aut
880 1335 904 1359 a
920 1322 1176 1373 praedonibus,

65 1383 132 1413 aut
157 1377 205 1413 ab
230 1375 407 1423 inimicis,
434 1376 598 1413 occisum
617 1388 708 1421 esse,
732 1382 799 1413 aut
816 1377 883 1413 abs
901 1382 951 1428 te,
979 1388 1095 1427 quem
1113 1376 1179 1413 ille

64 1429 254 1466 haeredem
272 1436 494 1473 testamento
513 1442 561 1466 ex
579 1437 685 1479 parte
703 1428 851 1473 fecerat.
892 1425 1092 1466 Praedones
1110 1429 1179 1467 1110

63 1483 146 1520 1060
159 1495 358 1543 nunquam
378 1490 466 1520 sunt
484 1482 577 1520 visi·
599 1482 797 1519 inimicum
815 1483 968 1520 nullum
985 1483 1175 1520 habebat:

63 1536 303 1587 relinquitur,
324 1536 355 1574 si
372 1548 496 1596 neque
515 1549 537 1573 a
550 1535 790 1586 praedonibus
808 1548 931 1587 neque
950 1536 1025 1574 ab
1015 1536 1178 1574 mimicis

63 1589 205 1628 occisus
220 1597 288 1638 est,
304 1589 486 1641 quoniam
505 1589 614 1627 alteri
627 1602 704 1627 non
723 1596 841 1637 erant,
862 1590 996 1627 alteros
1014 1601 1091 1627 non
1109 1590 1179 1627 ha-

65 1644 192 1691 bebat,
211 1650 256 1681 ut
280 1645 346 1681 abs
371 1651 408 1681 te
433 1643 480 1680 sit
501 1643 733 1681 interemtus.
738 1644 763 1660 ’'
803 1644 907 1681 Nam
935 1643 976 1680 in
1000 1643 1177 1692 hujusce-

66 1696 170 1734 modi
203 1697 447 1748 expositione,
480 1696 764 1747 reprehensione
794 1704 961 1742 utemur,
999 1697 1031 1734 si
1066 1710 1176 1747 quos,

65 1758 199 1801 praeter
224 1763 285 1788 eos
310 1764 404 1802 quos
421 1751 486 1788 ille
503 1750 654 1798 dixerit,
674 1751 838 1801 potuisse
857 1751 1042 1800 suscipere
1059 1750 1177 1788 male-

65 1804 194 1842 ficium
225 1804 520 1842 ostenderimus:
561 1805 665 1842 velut
695 1804 736 1841 in
766 1805 838 1842 hoc
864 1804 1053 1854 exemplo,
1087 1816 1176 1841 cum

65 1857 204 1895 dixerit
216 1870 362 1896 necesse
380 1871 457 1896 esse
471 1864 537 1895 aut
551 1871 574 1895 a
586 1857 840 1908 praedonibus,
857 1864 923 1894 aut
936 1858 984 1894 ab
998 1857 1175 1904 inimicis,

66 1918 134 1948 aut
152 1924 175 1948 a
193 1911 300 1949 nobis
317 1911 481 1949 occisum
499 1924 601 1957 055ος
630 1911 798 1949 dicemus
816 1911 980 1961 potuisse
999 1911 1058 1947 vel
1081 1923 1103 1947 a
1121 1910 1178 1947 fa-

67 1964 190 2011 milia,
216 1964 277 2001 vel
301 1977 324 2002 a
347 1964 602 2002 cohaeredibus
615 1964 761 2002 nostris.
790 1964 893 2002 Cum
911 1964 982 2001 hoc
999 1963 1113 2000 modo
1131 1963 1178 2000 il-

66 2018 194 2055 lorum
218 2017 475 2056 collectionem
499 2018 846 2064 disturbaverimus,
872 2017 980 2055 nobis
1003 2016 1176 2054 latiorem

69 2071 198 2109 locum
226 2069 451 2108 defendendi
479 2072 749 2122 rehnquemus.
792 2070 897 2121 Ergo
923 2071 995 2109 hoc
1026 2082 1179 2121 quoque

71 2123 269 2162 vitandum
288 2131 343 2162 est
360 2125 400 2162 'm
419 2125 664 2175 expositione,
691 2137 738 2163 ne
757 2124 924 2176 quando,
945 2136 1031 2161 cum
1051 2123 1179 2160 omnia,

63 2178 263 2229 collegisse
291 2177 501 2228 videamur,
528 2179 697 2231 aliquam
721 2178 896 2217 idoneam
921 2185 1068 2229 partem
1093 2175 1178 2213 1011-
