1456 2396
305 93 391 133 -DE
419 93 453 131 F
457 93 672 143 INIBUS,
702 93 802 133 Lm.
823 91 882 131 ΙΙ.
905 91 1010 132 CAP.
1032 93 1098 130 22.
1194 90 1276 130 405

147 201 276 251 mode,
297 203 423 242 verbis
449 203 608 256 pingere
629 204 786 243 solebat.
815 203 846 242 J
848 203 991 242 ubebat
1019 214 1095 248 eos,
1116 201 1186 253 qui
1205 213 1277 238 au-

146 256 316 307 diebant,
330 270 460 297 secum
475 258 576 309 ipsos
590 258 755 310 cogitare
769 258 913 310 pictam
926 257 967 294 111
982 258 1074 295 tabu
1075 256 1115 294 la
1124 255 1279 306 Volup-

141 318 278 359 tatem,
307 312 567 364 pulcherrimo
585 312 738 360 vestitu,
759 320 796 351 et
813 320 950 350 ornatu
965 311 1097 362 regali,
1124 309 1164 347 111
1181 309 1275 348 solio

138 364 368 404 sedentem·
357 380 369 413 ;
398 375 538 418 praesto
567 379 647 405 esse
672 367 844 415 virtutes,
867 375 912 405 ut
939 365 1153 413 ancillulas,
1187 377 1275 416 quae

141 418 240 458 nihil
259 421 366 458 aliud
384 428 553 472 agerent,
574 420 730 458 nullum
749 433 866 459 suum
886 420 1056 459 officium
1075 419 1272 465 ducerent,

138 473 213 512 nisi
232 482 276 512 ut
295 475 499 527 Voluptati
518 474 791 523 ministrarent,
814 482 851 513 et
870 487 955 513 eam
974 482 1128 512 tantum
1143 472 1190 510 ad
1204 485 1274 510 au-

139 540 222 566 rem
241 529 504 576 admonerent,
529 530 580 581 (si
596 529 713 567 modo
724 529 763 567 id
778 528 927 581 pictura
945 527 1109 579 intelligi
1127 533 1271 579 posset)

139 590 184 620 ut
203 590 366 646 caveret,
387 584 532 636 nequid
559 583 754 636 perficeret
769 584 1008 635 imprudens,
1025 582 1131 634 quod
1149 581 1271 620 offen-

138 635 245 676 deret
263 638 412 676 animos
430 638 651 685 hominum,
672 646 740 676 aut
759 638 989 690 quidquam
1010 650 1031 675 e
1051 649 1129 697 quo
1154 635 1271 674 orire-

139 698 204 729 tur
233 692 372 744 aliquis
401 692 521 731 dolor.
550 695 579 716 “
600 693 685 731 Nos
715 693 873 744 quidem
896 693 1054 730 111-(11185
1087 691 1140 729 518
1168 697 1270 728 natae

138 758 289 795 sumuS,
309 755 354 786 ut
373 747 444 786 tibi
462 747 689 786 serviremus
705 762 717 795 3
747 746 854 785 aliud
872 746 1016 798 negotii
1033 745 1132 784 nihil
1149 745 1270 783 habe-

136 801 266 838 mus-'³

190 854 338 894 XXII.
369 855 426 895 At
456 863 571 908 negat
601 856 808 918 Epicurus,
843 856 933 908 (hoc
966 855 1068 894 enim
1099 862 1270 893 vestrum

134 909 270 948 lumen
297 918 370 958 est)
396 924 649 964 quemquam,
675 912 743 973 qui
770 911 929 949 honeste
958 922 1035 948 non
1058 909 1176 955 vivat,
1203 910 1269 959 ju-

135 964 261 1003 cunde
289 978 400 1017 posse
425 966 577 1004 vivere:
609 966 719 1018 quasi
748 978 818 1017 ego
844 965 884 1003 id
913 977 1059 1011 curem,
1070 963 1175 1025 ‘quid
1201 964 1268 1001 ille

133 1017 225 1066 aiat,
246 1027 314 1058 aut
332 1028 456 1072 neget.
493 1020 600 1059 Illud
619 1033 765 1072 quaer0,
790 1019 885 1072 quid
903 1019 951 1067 ei,
981 1019 1050 1071 qui
1068 1018 1109 1056 in
1128 1018 1268 1069 volup-

134 1080 213 1111 tate
239 1086 439 1113 summum
465 1076 613 1114 bonum
639 1083 773 1126 ponat,
808 1081 1105 1114 consentaneum
1135 1072 1185 1111 sit
1210 1072 1270 1110 di-

135 1139 230 1166 cere.
261 1127 371 1177 Quid
400 1130 528 1177 affers,
548 1143 616 1169 cur
635 1130 821 1177 Thorius,
851 1142 919 1167 cur
938 1127 1177 1175 Postumius,
1198 1140 1268 1166 cur

132 1181 269 1231 Chius,
291 1196 359 1222 cur
376 1184 553 1222 omnium
572 1185 713 1222 horum
733 1184 928 1236 magister,
951 1182 1087 1229 Orata,
1108 1194 1186 1220 non
1203 1183 1269 1232 ju-

133 1237 367 1277 cundissime
387 1239 560 1278 vixerit?
592 1238 681 1291 Ipse
700 1247 816 1291 negat
842 1242 904 1282 (ut
922 1245 1010 1276 ante
1030 1236 1128 1284 dixi)
1148 1237 1269 1274 luxu-

130 1290 320 1330 riosorum
351 1293 471 1332 vitam
507 1293 877 1346 reprehendendam,
915 1292 989 1330 nisi
1022 1292 1136 1343 plane
1168 1290 1268 1329 fatui

132 1345 223 1395 sint,
249 1346 291 1385 id
309 1354 381 1396 est,
404 1348 477 1386 nisi
497 1357 565 1386 aut
583 1348 756 1400 cupiant,
776 1355 843 1386 aut
862 1354 1064 1385 metuant:
1098 1358 1266 1397 quarum

130 1402 335 1440 ambarum
354 1415 484 1441 rerum
503 1416 594 1442 cum
609 1402 841 1441 medicinam
860 1401 1077 1454 pollicetur,
1098 1400 1266 1438 luxuriae

131 1454 327 1495 licentiam
345 1457 558 1509 pollicetur.
591 1457 668 1496 His
689 1458 793 1495 enim
807 1458 922 1495 rebus
936 1454 1129 1502 detractis,
1150 1462 1266 1505 negat

131 1522 171 1548 se
191 1511 353 1562 reperire
372 1511 411 1549 in
432 1520 628 1550 asotorum
648 1512 726 1551 vita
746 1511 851 1564 quod
870 1509 1137 1562 reprehendat.
1168 1509 1262 1547 Non

128 1563 248 1615 igitur
265 1566 439 1628 potestis,
459 1567 657 1618 voluptate
687 1566 817 1605 omnia
836 1565 1058 1617 dirigentes,
1076 1572 1144 1602 aut
1163 1563 1264 1602 tueri

128 1627 198 1657 aut
217 1621 378 1659 retinere
397 1621 592 1659 virtutem.
623 1622 731 1659 Nam
751 1633 821 1659 nec
847 1619 905 1658 vir
924 1622 1049 1658 bonus
1068 1631 1111 1656 ac
1135 1619 1264 1669 justus

128 1672 263 1712 haberi
281 1674 408 1722 debet,
430 1675 512 1727 qui,
544 1688 594 1715 ne
618 1676 769 1714 malum
789 1675 943 1724 habeat,
970 1673 1136 1713 abstinet
1154 1685 1193 1712 se
1213 1673 1263 1711 ab

127 1726 286 1779 injuria
315 1729 448 1778 Nosti,
469 1730 594 1779 credo,
614 1730 741 1779 illud:

311 1820 341 1842 “
361 1819 492 1859 Nemo
510 1819 599 1872 pius
617 1827 688 1869 est,
709 1819 778 1873 qui
796 1817 1067 1872 pietatem''...

129 1891 236 1932 Cave
266 1893 483 1946 quidquam
508 1902 622 1947 putes
652 1908 732 1934 esse
751 1895 890 1934 verius.
920 1895 1005 1933 Nec
1025 1894 1142 1941 enim,
1164 1892 1260 1932 dum

123 1948 278 1995 metuit,
310 1949 440 1998 justus
473 1957 557 1988 est:
589 1957 627 1989 et
658 1957 771 1997 certe,
802 1949 833 1988 si
858 1957 1029 1987 metuere
1057 1948 1258 1997 destiterit,

123 2014 202 2040 non
233 2002 314 2041 erit.
356 2003 449 2041 Non
482 2011 629 2043 metuet
659 2012 805 2050 autem,
840 2004 918 2041 sive
951 2004 1071 2041 celare
1103 2003 1257 2054 poterit,

126 2056 205 2096 sive
223 2057 362 2109 opibus
381 2059 546 2109 magnis,
567 2058 759 2110 quidquid
780 2057 925 2105 fecerit,
945 2058 1143 2103 obtinere3
1176 2070 1257 2095 cer-

125 2118 240 2164 teque
260 2112 378 2151 malet
402 2113 614 2152 existimari
632 2116 758 2152 bonus
788 2113 860 2160 vir,
880 2119 925 2150 ut
943 2124 1021 2150 non
1050 2111 1111 2156 sit,
1136 2124 1257 2163 quam

123 2179 217 2216 esse,
238 2173 283 2204 ut
301 2179 379 2205 non
398 2175 568 2219 putetur.
596 2168 673 2214 Ita,
694 2166 800 2219 quod
818 2165 1074 2205 certissimum
1094 2173 1164 2213 est,
1185 2179 1255 2217 pro

121 2221 212 2261 vera
241 2221 422 2274 certaque
447 2222 614 2273 justitia,
645 2221 932 2263 simulationem
957 2220 1068 2260 nobis
1093 2219 1255 2271 justitiae
