1456 2396
238 51 323 93 AD
344 51 727 102 HERENNIUM,
749 52 850 92 LIB.
865 52 941 94 1v.
963 51 1070 94 cAr.
1087 53 1151 92 18.
1193 53 1275 99 227

149 161 300 200 recessit
324 175 368 200 ea
398 175 471 210 τω,
501 174 590 214 quae
618 161 693 200 fuit
718 161 999 201 consuetudinis
1029 175 1155 211 musa,
1182 162 1281 201 nihil

151 223 335 267 superest,
367 229 486 268 quare
514 216 659 268 possint
686 216 728 254 in
753 217 921 255 amicitia
945 217 1138 255 retineri.”
1180 218 1281 256 Sunt

149 270 244 308 item
273 271 482 319 sententiae,
512 284 599 322 quae
626 270 828 323 dupliciter
858 271 1080 318 efferuntur,
1113 271 1192 310 sine
1220 285 1282 309 ra-

149 323 265 373 tione,
287 332 323 363 et
341 338 431 363 cum
449 324 617 363 ratione:
642 325 715 364 hoc
733 324 848 363 modo
868 325 947 363 sine
965 326 1132 363 ratione:
1163 329 1191 349 ‘⁶
1204 325 1280 364 Er-

148 386 248 426 rant,
269 379 339 431 qui
352 379 392 417 in
406 379 594 431 prosperis
611 381 724 418 rebus
738 391 870 417 omnm
883 380 1050 431 impetus
1063 380 1228 418 fortunae
1242 393 1283 418 se

147 440 287 484 putant
315 433 468 485 fugisse.
510 433 707 486 Sapienter
736 433 917 484 cogitant,
951 434 1018 485 qui
1047 435 1282 486 temporibus

149 487 323 526 secundis
341 501 448 527 casus
470 488 642 527 adversos
669 487 958 526 reformidanss‘
1000 488 1103 526 Cum
1121 489 1279 536 ratione,

148 541 221 580 hoc
238 550 374 594 pacto:
407 546 435 566 ‘⁶
451 543 533 591 Qui
556 542 851 581 adolescentium
869 543 1030 594 peccatis
1047 543 1191 594 ignosci
1208 557 1282 595 pu-

148 603 232 634 tant
250 605 434 649 oportere,
454 597 655 645 falluntur,
675 605 873 649 propterea
891 596 996 648 quod
1015 606 1104 635 aetas
1123 598 1189 635 illa
1203 611 1280 636 non

148 658 205 689 αεὶ
232 651 505 703 impedimento
534 651 644 690 bonis
675 651 832 690 studiis:
872 659 911 689 at
938 651 980 689 hi
1008 651 1194 703 sapienter
1223 653 1282 690 fa-

149 705 269 753 ciunt,
290 706 359 757 qui
383 706 634 745 adolescentes
652 706 822 744 maxime
841 705 1038 756 castigant,
1059 715 1116 753 ut,
1143 706 1283 757 quibus

148 759 354 810 virtutibus
381 773 536 799 omnem
562 761 681 799 vitam
706 760 804 799 tueri
833 760 990 811 possint,
1018 773 1080 799 eas
1104 760 1145 798 in
1173 768 1283 799 aetate

147 814 406 853 maturissime&
424 815 542 854 velint
560 815 818 867 comparare.”
857 815 1071 853 Sententias
1094 814 1284 866 interponi

148 881 233 906 raro
247 869 435 918 convenit,
455 878 500 908 ut
513 869 568 908 rei
582 878 737 917 actores,
754 881 832 908 non
850 868 1002 907 vivendi
1019 878 1280 921 praeceptores,

150 935 229 961 oese
247 922 456 962 videamur.
486 924 591 964 Cum
608 925 662 963 ita
678 925 980 976 interponentur,
1001 925 1172 962 multum
1191 923 1283 962 affe-

149 984 234 1015 rent
263 979 487 1017 ornamenti.
529 979 694 1018 Necesse
719 987 774 1017 est
802 978 919 1025 enim,
949 991 1033 1016 eam
1064 979 1284 1030 comprobet

150 1032 286 1070 tacitus
305 1033 470 1082 auditor,
491 1046 581 1072 cum
607 1033 655 1071 ad
680 1046 834 1072 causam
859 1032 986 1071 videat
1004 1032 1285 1072 accommodari

151 1099 233 1125 rem
252 1095 407 1135 certam,
429 1101 477 1126 ex
496 1088 576 1127 vita
595 1096 631 1126 et
649 1088 820 1126 moribus
839 1096 1019 1125 sumtam.

204 1141 373 1180 XVIII.
401 1141 647 1181 Contrarium
661 1142 764 1180 idem
783 1142 860 1180 fere
874 1150 943 1189 est,
960 1141 1064 1194 quod
1079 1141 1280 1180 contentio.

152 1194 399 1234 Contrarium
417 1205 486 1244 aet,
507 1197 625 1249 quod,
646 1210 694 1235 ex
716 1198 829 1235 rebus
855 1196 1010 1235 diversis
1035 1197 1198 1244 duabus,
1227 1197 1284 1234 al·

151 1257 273 1288 teram
290 1251 453 1290 breviter
467 1258 505 1290 et
518 1251 628 1290 facile
642 1251 855 1298 confirmat,
871 1251 943 1289 hoc
956 1260 1089 1303 pacto:
1117 1254 1144 1274 “
1159 1251 1199 1289 N
1203 1264 1282 1299 am,

151 1304 220 1356 qui
245 1305 322 1343 suis
340 1305 549 1344 rationibus
566 1306 743 1345 inimicus
761 1305 876 1344 fuerit
895 1318 1056 1357 semper,
1078 1318 1167 1344 eum
1188 1319 1284 1357 quo-

152 1359 268 1398 modo
285 1360 417 1399 alienis
435 1362 547 1399 rebus
572 1361 740 1399 amicum
764 1360 845 1398 fore
874 1372 998 1411 speres
1015 1361 1062 1399 ?''
1094 1360 1150 1398 Et
1174 1360 1283 1407 item,

154 1416 182 1436 ‘⁶
204 1414 325 1462 Nam,
360 1428 477 1467 quem
506 1415 547 1453 in
579 1415 746 1454 amicitia
774 1414 1022 1466 perfidiosum
1050 1415 1282 1466 cognoveris,

152 1479 243 1507 eum
257 1482 374 1520 quare
393 1477 503 1521 putes
521 1469 738 1508 inimicitias
757 1482 845 1508 cum
864 1469 939 1507 fide
957 1469 1097 1508 habere
1114 1482 1246 1520 posse.
1236 1470 1284 1497 ’θ’

152 1521 221 1570 Et,
251 1526 280 1546 “
296 1523 380 1572 Qui
397 1524 566 1576 privatus
590 1524 819 1563 intolerabili
844 1524 1021 1575 superbia
1046 1523 1174 1571 fuerit,
1196 1537 1286 1562 eum

152 1578 400 1616 commodum
419 1587 456 1617 et
469 1579 529 1617 sui
543 1587 829 1641 cognoscentem
845 1578 952 1616 fore
942 1591 983 1616 ιιι
1002 1586 1199 1630 potestate,
1216 1580 1286 1640 qui

153 1645 301 1684 sperae.
291 1633 339 1660 ⁹”
368 1633 436 1681 Et,
459 1635 487 1656 ‘⁶
504 1633 615 1682 Qui
604 1647 645 1672 m
663 1633 900 1672 sermonibus
919 1641 956 1670 et
979 1641 1166 1671 conventu
1190 1633 1288 1671 ami-

154 1698 288 1725 corum
307 1701 440 1726 verum
465 1687 603 1727 dixerit
627 1701 844 1740 nunquam,
871 1699 960 1726 eum
987 1687 1059 1726 sibi
1080 1687 1120 1725 in
1140 1688 1288 1726 concio-

155 1741 270 1780 nibus
305 1742 424 1781 credis
460 1756 483 1780 a
517 1743 716 1782 mendacio
751 1744 1088 1804 temperaturum?
1092 1742 1117 1759 '’
1168 1743 1286 1790 Item,

158 1797 186 1818 “
203 1795 314 1843 Quos
333 1810 381 1835 ex
400 1797 560 1836 collibus
578 1798 798 1849 dejecimus,
820 1809 910 1836 cum
927 1797 973 1835 iis
991 1797 1032 1835 in
1051 1809 1186 1849 campo
1204 1809 1286 1835 me-

156 1850 302 1889 tuimus
320 1851 500 1890 dimicare
513 1854 531 1891 ?
561 1851 657 1901 Qui,
678 1865 767 1891 cum
785 1852 914 1904 pluroe
932 1859 1053 1899 erant,
1069 1852 1201 1903 paucis
1217 1864 1286 1889 no-

155 1904 215 1943 bis
244 1906 436 1957 exaequari
460 1919 538 1945 non
562 1914 750 1959 poterant,
777 1906 833 1954 hi,
859 1914 1064 1958 postquam
1092 1907 1287 1958 pauciores

157 1965 261 2005 sunt,
289 1960 512 2009 metuimus,
538 1974 588 2000 ne
612 1961 688 2000 sint
713 1961 921 2013 superiores
935 1961 983 2000 ?‘'
1018 1961 1106 1999 Hoc
1126 1973 1286 1999 exorna-

156 2013 270 2051 tionis
295 2026 415 2066 genus
433 2015 611 2055 brevibus
629 2024 667 2055 et
684 2015 912 2055 continuatis
929 2016 1053 2054 verbis
1075 2015 1287 2067 perfectum

157 2080 237 2106 esse
259 2067 396 2116 debet;
427 2077 465 2108 et
490 2083 579 2109 cum
605 2070 851 2109 commodum
877 2077 933 2108 ωε
957 2070 1106 2117 auditu,
1132 2077 1288 2121 propter

156 2122 312 2162 brevem
337 2131 376 2161 et
393 2124 608 2163 absolutam
627 2125 933 2171 conclusionem;
965 2132 1049 2163 tum
1068 2136 1156 2162 vero
1174 2123 1286 2161 vehe-

156 2184 318 2227 menter,
334 2177 389 2226 id,
404 2178 508 2231 quod
521 2192 619 2233 opus
632 2186 688 2220 est
701 2180 854 2230 oratori,
867 2181 1089 2233 comprobat
1102 2176 1299 2219 contraria
