1456 2396
233 83 720 125 ACADEMICORUM
744 84 830 124 Lm
858 84 917 124 ΙΙ.
937 84 1042 124 CAP.
1056 85 1095 124 3.
1163 81 1242 123 285

112 188 204 242 ἕως,
233 200 301 232 aut
326 193 493 233 ludicros
514 206 722 242 sermones,
744 201 811 232 aut
830 207 958 232 rerum
980 193 1171 246 colloquia
1188 193 1243 231 le-

114 247 276 285 viorum.
309 247 482 294 Etenim,
505 248 536 286 si
556 248 726 300 quodam
742 248 783 286 in
802 248 900 286 libro
915 262 1002 287 vere
1018 255 1073 286 est
1092 262 1115 286 a
1133 247 1243 285 nobis

112 300 355 353 philosophia
381 302 552 350 laudata,
581 302 752 353 profecto
781 303 865 351 ejus
894 302 1066 341 tractatio
1094 302 1242 354 optimo

111 362 228 406 atque
247 356 486 407 amplissimo
506 369 661 408 quoque
680 356 905 407 dignissima
930 364 1009 395 est:
1040 369 1110 395 nec
1128 355 1243 407 quid-

112 422 233 460 quam
252 409 359 447 aliud
385 410 595 448 videndum
622 418 678 448 est
704 410 829 457 nobis,
857 424 952 462 quos
971 411 1140 462 populus
1160 411 1243 448 Ro-

111 475 253 502 manus
271 464 343 502 hoc
362 464 403 502 in
423 464 544 515 gradu
564 464 777 511 collocavit,
798 464 870 502 nisi
897 477 945 503 ne
972 464 1065 516 quid
1085 464 1243 515 privatis

112 517 247 556 studiis
267 518 314 556 de
333 520 448 570 opera
467 519 625 569 publica
644 518 903 556 detrahamus.
941 518 1060 566 Quod
1080 519 1125 565 si,
1153 530 1243 555 cum

111 570 225 622 fungi
243 585 402 611 munere
422 572 643 619 debeamus,
664 585 742 610 non
761 572 877 610 modo
896 586 1052 623 operam
1071 578 1244 610 nostram

111 638 316 678 nunquam
336 640 359 664 a
373 626 551 678 populari
565 634 661 665 eoetu
678 639 933 674 removemus,
950 626 1016 664 sed
1030 639 1078 664 ne
1091 626 1244 664 literam

112 680 271 731 quidem
297 681 419 718 ullam
446 681 625 728 facimus,
654 680 727 719 nisi
752 680 968 726 forensem;
1005 681 1091 732 quis
1116 693 1244 731 repre-

110 734 254 772 hendet
280 742 455 773 nostrum
480 736 620 782 otium,
640 735 724 787 qui,
752 734 794 772 in
821 748 880 783 eo,
909 746 986 772 non
1013 734 1128 772 modo
1154 746 1244 772 nos-

111 788 294 840 metipsos
312 789 512 828 hebescere
532 797 569 828 et
586 790 770 840 languere
788 789 986 835 nolumus,
1015 789 1080 827 sed
1109 788 1240 835 etiam,

111 850 156 880 ut
175 843 353 894 plurimis
378 844 584 895 prosimus,
607 844 820 882 enitimur?
860 843 1036 881 Gloriam
1057 855 1145 881 vero
1163 854 1242 879 non

109 896 226 935 modo
245 910 322 936 non
341 898 481 944 minui,
509 898 575 936 sed
602 898 719 936 etiam
746 897 892 948 augeri,
921 897 1152 934 arbitramur
1179 909 1242 934 eo-

111 964 216 999 rum,
245 965 413 1003 quorum
436 952 486 990 ad
511 953 715 1004 populares
739 952 981 1003 illustresque
1005 950 1152 996 laudes,
1173 949 1243 988 has

108 1005 229 1043 etiam
260 1006 391 1045 minus
424 1014 547 1057 notas,
578 1006 786 1058 minusque
813 1005 1072 1058 pervulgatas,
1102 1004 1242 1053 adjun-

112 1073 255 1111 grmus.

169 1115 270 1153 Sunt
287 1114 419 1163 etiam,
441 1115 509 1167 qui
528 1122 682 1166 negent,
703 1115 744 1152 in
763 1114 824 1161 iis,
845 1114 914 1166 qui
928 1114 968 1152 in
983 1113 1121 1152 nostris
1135 1113 1244 1151 libris

113 1168 326 1221 disputent,
346 1169 462 1207 fuisse
478 1183 610 1208 earum
630 1182 773 1216 rerum,
790 1169 837 1207 de
857 1168 997 1220 quibus
1010 1168 1243 1219 disputatur,

115 1223 324 1262 scientiam.
363 1223 446 1271 Qui
471 1224 569 1262 mihi
595 1223 774 1263 videntur
799 1235 876 1262 non
900 1223 1027 1261 solum
1046 1222 1155 1271 vivis,
1177 1221 1244 1260 sed

113 1277 231 1316 etiam
250 1278 426 1325 mortuis,
447 1278 629 1317 invidere.

168 1332 251 1370 III.
282 1333 418 1370 Restat
442 1344 568 1370 unum
596 1345 716 1383 genus
744 1332 1072 1384 reprehensorum,
1103 1329 1245 1382 quibus

112 1385 337 1425 Academiae
355 1386 452 1424 ratio
471 1399 548 1424 non
570 1389 767 1438 probatur.
809 1386 927 1434 Quod
952 1386 1106 1437 gravius
1129 1385 1244 1423 ferre-

111 1453 215 1489 mus,
255 1441 286 1479 si
323 1441 529 1493 quisquam
561 1441 684 1479 ullam
718 1441 960 1492 disciplinam
991 1439 1245 1492 philosophiae

112 1497 304 1547 probaret,
338 1503 476 1546 praeter
505 1509 590 1534 eam
623 1509 743 1548 quam
770 1496 851 1547 ipse
879 1502 1111 1546 sequeretur.
1160 1493 1246 1532 Nos

114 1557 260 1597 autem,
282 1550 466 1601 quoniam
489 1557 620 1588 contra
644 1563 777 1588 omnes
803 1549 939 1595 dicere,
961 1548 1029 1600 qui
1055 1548 1147 1586 scire
1173 1547 1247 1585 sibi

113 1603 306 1652 videntur,
328 1604 507 1651 solemus,
535 1617 612 1642 non
638 1617 855 1655 possumus,
877 1603 972 1655 quin
998 1603 1064 1640 alii
1090 1615 1112 1640 a
1137 1601 1248 1640 nobis

115 1658 355 1705 dissentiant,
393 1671 576 1697 recusare.
632 1660 886 1711 Quamquam
924 1665 1052 1696 nostra
1089 1655 1247 1708 quidem

114 1726 231 1751 causa
248 1712 370 1751 facilis
389 1720 458 1762 est,
480 1712 548 1764 qui
566 1726 701 1752 verum
716 1712 886 1751 invenire
901 1712 981 1750 sine
998 1711 1077 1749 ulla
1093 1717 1248 1749 conten-

116 1767 221 1805 tione
245 1767 452 1813 volumus;
486 1767 604 1819 idque
626 1768 786 1805 'summa
813 1767 905 1805 cura
931 1765 1134 1817 studioque
1159 1777 1250 1803 con-

117 1821 321 1872 quirimus.
361 1821 449 1859 Etsi
474 1822 578 1859 enim
604 1822 729 1860 omnis
755 1821 921 1872 cognitio
943 1819 1077 1859 multis
1103 1827 1158 1857 est
1182 1821 1251 1856 ob-

120 1882 263 1913 structa
294 1875 599 1923 difficultatibus,
634 1889 755 1928 eaque
787 1883 843 1913 est
875 1882 912 1913 et
941 1875 982 1912 in
1010 1874 1104 1925 ipsis
1136 1875 1250 1912 rebus

119 1929 342 1975 obscuritas,
371 1938 408 1968 et
433 1930 475 1967 in
497 1930 652 1980 judiciis
678 1930 815 1968 nostris
840 1929 1057 1975 infirmitas,
1084 1935 1142 1975 ut,
1173 1939 1251 1964 non

119 1984 202 2022 sine
227 1984 355 2032 causa,
380 1991 418 2022 et
440 1984 651 2022 doctissimi
675 1992 713 2023 et
738 1983 995 2035 antiquisffl'mi
1021 1982 1191 2020 invenire
1213 1993 1253 2019 se

120 2051 244 2090 posse,
265 2037 371 2090 quod
389 2046 584 2090 cuperent,
605 2039 719 2077 diffisi
738 2039 836 2089 sint:
868 2045 998 2075 tamen
1023 2049 1093 2074 nec
1111 2036 1169 2073 illi
1188 2034 1253 2073 de-

121 2092 307 2140 fecerunt,
340 2104 466 2144 neque
495 2106 564 2132 nos
597 2093 770 2131 studium
799 2091 1026 2143 exquirendi
1058 2088 1255 2140 defatigati

123 2146 403 2199 relinquimus:
434 2159 559 2199 neque
583 2155 722 2186 nostrae
746 2146 1022 2198 disputationes
1040 2143 1255 2196 quidquam

125 2201 235 2240 aliud
259 2208 396 2252 agunt,
420 2201 494 2242 nisi
519 2209 578 2249 ut,
608 2202 649 2241 in
677 2209 882 2253 utramque
906 2207 1055 2251 partem
1082 2197 1257 2245 dicendo,
