1456 2396
187 93 270 135 AD
299 92 502 133 HEREN
505 92 546 132 N
549 92 678 143 IUM,
694 91 793 131 [¹113.
812 93 869 132 ΙΙ.
884 92 989 133 CA'P.
1006 94 1070 133 30.
1110 94 1185 133 185

72 203 187 248 tione,
206 209 244 240 et
262 201 528 240 confutatione.
568 202 832 253 Amplificatio
850 209 920 252 est,
940 216 1028 254 quae
1045 216 1112 254 per
1130 204 1186 242 lo·

69 269 159 295 cum
177 268 436 303 communem,
456 255 706 306 instigationis
725 256 944 295 auditorum
963 270 1091 306 031153,
1120 269 1185 295 su

69 310 198 348 mitur.
239 309 333 348 Loci
351 322 572 348 communes
591 322 639 348 ex
657 309 787 349 decem
791 311 1001 377 ‘praeceptis
1016 324 1184 349 commo-

67 363 221 401 dissime
231 370 450 411 sumuntur,
464 363 679 414 adaugendi
692 363 861 402 criminis
875 365 1000 402 causa.
1029 365 1184 403 Primus

66 417 171 455 locus
189 417 354 455 sumitur
376 419 426 455 ab
451 417 686 466 auctoritate,
707 430 797 455 eum
824 430 1183 467 commemoramus,

64 478 219 521 quantae
248 484 348 509 curae
375 484 420 508 ea
451 484 509 509 res
539 471 654 509 fuerit
686 471 773 509 Diis
801 471 1096 519 immortalibus,
1118 481 1185 510 aut

65 524 274 573 maj0ribus
305 524 456 574 nostris,
489 525 656 586 regibus,
688 525 916 573 civitatibus,
948 526 1181 575 nationibus,

63 577 284 617 hominibus
320 577 619 630 sapientissimis,
657 579 831 618 senatui.
871 579 964 618 item
996 581 1181 626 maxime,

64 645 142 682 quo
160 632 289 680 modo,
310 632 358 671 de
377 632 438 671 his
462 635 589 682 rebus,
616 634 765 684 legibus
790 633 978 671 sancitum
1006 634 1066 671 sit.
1114 634 1183 672 Se-

63 686 212 724 cundus
240 686 346 725 locus
374 693 443 736 est,
478 699 567 725 011111
596 687 891 735 consideramus,
925 688 1003 725 iuae
1031 700 1103 734 res,
1133 688 1182 726 de

62 739 204 790 quibus
222 740 485 787 criminamur,
509 741 558 778 ad
584 754 680 792 quos
706 742 947 792 pertineant,
936 755 945 764 ·
976 748 1109 778 utrum
1131 742 1181 779 ad

62 806 208 840 omnes,
242 794 346 845 quod
377 794 656 832 atrocissimum
686 803 768 841 θεῖς
798 808 848 832 311
877 795 926 832 ad
955 795 1178 846 superiores,

62 847 184 898 (quod
201 860 323 898 genus
341 848 369 885 ii
382 855 485 896 sunt,
507 862 530 886 a
547 849 688 899 quibus
706 849 937 887 auctoritatis
955 849 1061 887 locus
1075 861 1180 886 com-

61 901 191 939 munis
213 901 420 963 sumitur)·
407 930 420 947 ,
450 914 501 939 an
532 902 581 939 ad
609 915 733 953 pares,
764 903 836 940 hoc
865 909 934 950 est,
965 903 1007 940 in
1037 902 1180 940 eisdem

61 955 234 1005 partibus
252 956 386 1016 animi,
406 955 584 1007 corporis,
605 956 846 994 fortunarum
865 956 1031 1007 positos,
1060 969 1110 994 an
1132 957 1181 994 ad

60 1008 268 1058 inferiores,
289 1009 358 1061 qui
370 1010 549 1048 omnibus
565 1010 626 1048 his
639 1012 751 1048 rebus
762 1010 1052 1048 antecelluntur.
1082 1011 1180 1048 Ter-

61 1062 136 1100 tius
153 1063 260 1101 locus
277 1071 346 1111 est,
360 1077 438 1114 quo
455 1072 737 1115 percontamur,
754 1064 848 1116 quid
867 1064 915 1101 sit
934 1072 1177 1111 eventurum,

58 1117 92 1154 si
110 1117 289 1156 omnibus
302 1117 404 1155 idem
423 1117 649 1157 concedatur
662 1120 680 1157 Ρ
709 1125 760 1166 et,
785 1118 830 1156 ea
847 1131 888 1156 re
911 1117 1098 1168 neglecta,
1119 1131 1179 1156 os-

59 1170 267 1219 tendimus,
298 1171 394 1223 quid
421 1172 679 1222 periculorum
703 1180 819 1223 atque
844 1171 1177 1210 incommodorum

58 1235 323 1276 consequatur.
370 1224 543 1272 Quartus
566 1226 672 1264 locus
696 1234 764 1274 est,
785 1239 862 1277 quo
880 1225 1176 1271 demonstratur,

59 1278 92 1315 si
117 1278 206 1317 huic
231 1278 280 1317 sit
303 1279 519 1327 remissum,
538 1280 681 1318 multos
699 1281 896 1317 alacriores
923 1280 973 1317 ad
990 1280 1178 1317 maleficia

59 1331 223 1379 futuros,
261 1346 357 1384 quos
383 1333 510 1371 adhuc
537 1334 766 1384 exspectatio
790 1333 926 1382 judicii
953 1340 1176 1371 remoretur.

0 1387 1 1390 ’
61 1385 233 1433 Quintus
257 1387 362 1425 locus
389 1395 458 1433 est,
483 1400 551 1438 per
579 1400 696 1438 quem
723 1387 971 1435 ostendimus,
999 1387 1031 1425 si
1058 1387 1176 1425 semel

57 1440 169 1478 aliter
191 1440 407 1490 judicatum
435 1440 496 1487 sit,
517 1441 667 1479 nullam
692 1454 774 1479 rem
798 1440 892 1489 fore,
913 1454 1000 1492 quae
1027 1441 1173 1479 incom-

58 1494 173 1532 modo
192 1495 350 1540 mederi,
370 1501 437 1532 aut
455 1502 622 1532 erratum
638 1495 814 1544 judicum
831 1495 1030 1546 corrigere,
1045 1495 1175 1545 possit.

58 1548 151 1595 Quo
178 1548 219 1586 in
247 1549 330 1586 1000
357 1561 435 1586 11011
461 1548 750 1586 incommodum
775 1548 846 1586 erit
870 1548 928 1586 uti
950 1555 1175 1586 caeterarum

57 1615 186 1640 rerum
205 1603 498 1653 comparatione,
518 1610 564 1640 ut
581 1603 838 1651 ostendamus,
862 1602 960 1640 alias
983 1615 1042 1640 1-oe
1066 1615 1176 1653 posse

55 1663 126 1695 aut
150 1663 337 1695 vetustate
361 1657 496 1703 sedari,
518 1664 585 1694 aut
607 1657 762 1695 consilio
790 1657 950 1707 corrigi3
980 1657 1098 1705 hujus
1120 1657 1174 1694 rei

56 1718 126 1749 aut
142 1710 328 1749 leniendae
347 1718 414 1748 aut
431 1710 662 1761 corrigendae
679 1711 830 1748 nullam
849 1724 931 1748 rem
952 1709 1174 1759 [adjumen-

57 1766 117 1816 to]
144 1764 327 1802 futuram.
367 1765 508 1803 Sextus
528 1765 634 1802 locus
652 1772 721 1813 est,
742 1777 830 1803 <mm
850 1764 1106 1812 ostendemus,
1127 1777 1175 1802 ex

54 1819 229 1858 consulto
245 1819 405 1868 factum,
425 1826 462 1857 et
479 1818 664 1867 dicemus,
684 1819 898 1857 voluntario
911 1818 1070 1857 facinori
1088 1818 1176 1855 nul-

56 1874 136 1911 lam
162 1873 456 1921 excusationem,
480 1872 748 1924 imprudentiae
770 1874 913 1922 justam
943 1872 1176 1923 deprecatio-

56 1939 147 1965 nem
164 1934 348 1977 paratam.
391 1927 584 1977 Septimus
609 1927 713 1965 locus
739 1935 808 1976 est,
829 1940 906 1977 quo
931 1926 1176 1964 ostendemus

56 1988 198 2019 tetrum
216 1980 376 2028 facinus,
397 1980 561 2029 crudele,
581 1980 785 2028 nefarium,
804 1980 1048 2031 tyrannicum
1068 1992 1173 2025 esse3

57 2035 162 2086 quod
193 2047 327 2085 genus,
357 2034 499 2084 injuria
528 2035 751 2082 mulierum,
781 2042 850 2072 aut
881 2047 1012 2072 earum
1045 2045 1174 2071 rerum

55 2088 218 2140 aliquid,
239 2100 404 2140 quarum
427 2101 557 2127 rerum
581 2089 695 2126 caus‘a
716 2089 818 2127 bella
846 2088 1117 2139 suscipiuntur,
1137 2094 1175 2124 et

52 2155 146 2181 011111
165 2143 336 2182 hostibus
352 2141 402 2182 de
420 2142 498 2181 vita
515 2142 728 2182 dimicatur.
778 2142 950 2182 Octavus
972 2142 1078 2181 locus
1103 2148 1172 2185 est,

768 2207 797 2234 R
825 2197 851 2233 3
