1456 2396
234 109 316 147 360
425 105 504 145 DE
533 104 784 153 FINIBUS,
813 105 915 143 1113.
939 105 974 143 I.
1004 104 1111 144 CAP.
1131 104 1171 146 9‘.

233 216 284 254 sis
309 214 502 267 aequitate,
534 226 654 266 quam
683 213 873 252 ostendis:
904 213 971 252 sed
995 214 1054 252 uti
1078 214 1248 253 oratione
1271 212 1357 267 per-

232 270 351 321 petua
375 269 493 317 malo,
526 280 645 319 quam
668 267 900 319 interrogare
926 275 994 306 aut
1020 268 1257 320 interrogari.
1300 269 1359 307 Ut

230 324 370 375 placet,
389 322 563 373 inquam.
593 321 710 360 Tunc
726 321 850 360 dicere
868 334 1024 360 exorsus
1043 329 1111 361 est.

286 377 364 416 IX.
386 377 567 414 Primum
584 376 717 427 igitur,
736 375 877 428 inquit,
895 376 947 414 sic
965 389 1094 427 agam,
1115 386 1160 414 ut
1177 376 1251 428 ipsi
1265 390 1357 416 auc-

231 432 304 470 tori
332 431 450 480 hujus
480 429 691 482 disciplinae
718 430 855 481 placet.
902 430 1161 479 Constituam,
1193 431 1288 483 quid
1319 439 1357 470 et

229 486 345 537 quale
363 486 412 523 sit
429 484 484 528 id,
505 484 552 523 de
566 497 644 536 quo
659 485 882 535 quaerimus,
902 496 980 522 non
1000 497 1078 536 quo
1095 484 1271 536 ignorare
1288 499 1356 524 vos

229 540 404 587 arbitrer,
425 538 490 577 sed
509 547 554 576 ut
571 539 716 577 ratione
735 546 772 576 et
791 539 853 576 via
872 538 1051 590 procedat
1069 539 1201 578 oratio.
1231 539 1353 588 Quae-

227 594 350 632 rimus
368 593 498 644 igitur,
526 593 620 645 quid
639 593 687 631 sit
704 601 935 639 extremum,
963 593 1057 644 quid
1082 593 1266 631 ultimum
1285 595 1354 632 bo-

228 660 394 693 norum;
431 647 549 699 quod,
587 647 761 685 omnium
800 647 1115 698 philosophorum
1151 648 1352 696 sententia,

227 703 305 741 tale
329 701 440 740 debet
465 714 556 749 esse,
583 709 627 739 ut
648 701 697 738 ad
714 700 755 737 id
773 701 904 738 omnia
921 700 1051 738 referri
1068 709 1263 752 oporteat:
1293 702 1354 753 ip-

227 769 315 796 sum
339 764 469 794 autem
498 767 703 806 nusquam.
752 754 841 793 Hoc
864 755 1058 806 Epicurus
1086 755 1127 792 in
1158 756 1355 807 voluptate

227 811 349 863 ponit,
380 809 484 862 quod
509 822 707 847 summum
732 810 879 846 bonum
899 822 977 847 esse
996 809 1105 856 vult3
1135 823 1355 848 summum-

227 878 303 917 que
334 865 498 909 malum,
533 863 728 909 dolorem;
763 863 880 915 idque
910 863 1077 901 instituit
1107 863 1241 903 docere
1272 864 1348 903 sic:

228 923 259 942 ‘⁶
279 919 410 958 Omne
427 918 585 965 animal,
606 917 722 955 simul
740 925 856 969 atque
873 925 1009 956 natum
1028 918 1090 965 sit,
1111 919 1349 970 voluptatem

225 982 417 1025 appetere,
447 973 567 1024 eique
585 971 763 1022 gaudere,
788 980 833 1010 ut
852 984 1004 1009 summo
1022 973 1148 1018 bon03
1179 973 1349 1012 dolorem

224 1027 457 1079 adspernari,
475 1035 518 1064 ut
537 1039 734 1064 summum
753 1026 918 1073 malum,
934 1034 985 1072 et,
1007 1034 1197 1078 quantum
1216 1028 1348 1079 possit,

224 1096 248 1120 a
277 1095 316 1120 se
344 1082 546 1133 repellere:
577 1080 694 1131 idque
726 1079 849 1118 facere
878 1080 1051 1118 nondum
1080 1080 1347 1132 depravatum,

222 1137 306 1188 ipsa
324 1136 461 1173 natura
475 1135 691 1185 incorrupte
710 1142 825 1185 atque
843 1134 989 1185 integre
999 1134 1238 1184 judicante.”
1267 1137 1350 1174 Ita-

222 1204 299 1242 que
335 1197 449 1240 negat
487 1202 583 1240 opus
618 1201 696 1226 esse
726 1188 885 1235 ratione,
919 1200 1045 1240 neque
1076 1188 1346 1241 disputatione,

222 1257 341 1296 quam
371 1245 421 1282 ob
450 1256 532 1281 rem
557 1243 734 1294 voluptas
759 1242 984 1294 expetenda,
1010 1242 1216 1294 fugiendus
1240 1243 1348 1283 dolor

220 1300 280 1337 sit.
312 1298 451 1337 Sentiri
475 1297 547 1336 hoc
572 1304 697 1349 putat,
729 1304 773 1334 ut
797 1297 917 1335 calere
941 1297 1086 1348 ignem,
1113 1298 1242 1336 nivem
1268 1311 1347 1338 esse

219 1354 365 1399 albam,
395 1352 506 1390 dulce
523 1352 626 1397 me1;
658 1364 824 1403 quorum
843 1351 941 1389 nihil
959 1358 1130 1412 oportere
1148 1353 1347 1405 exquisitis

218 1407 428 1445 rationibus
455 1406 693 1444 confirmari:
725 1413 877 1444 tantum
903 1405 992 1444 satis
1019 1419 1097 1445 oese
1114 1406 1343 1446 admonere:

219 1462 396 1500 interesse
425 1461 529 1499 enim
557 1460 656 1499 inter
685 1468 958 1511 argumentum
988 1460 1347 1513 conclusionemque

219 1516 389 1560 rationis,
420 1523 456 1553 et
480 1515 578 1553 inter
596 1514 826 1553 mediocrem
844 1513 1211 1554 animadversionem
1229 1524 1346 1577 atque

219 1569 544 1608 admonitionem·
575 1569 708 1616 altera,
738 1569 888 1607 occulta
904 1568 1083 1621 quaedam
1102 1581 1140 1608 et
1158 1570 1268 1621 quasi
1285 1570 1345 1608 in-

217 1625 349 1662 voluta
363 1623 524 1675 aperiri;
542 1624 674 1671 altera,
690 1631 843 1674 promta
857 1631 893 1661 et
907 1631 1038 1674 aperta
1050 1623 1221 1662 indimri.
1269 1623 1344 1662 Et-

217 1679 321 1716 enim
345 1678 544 1730 quoniam,
572 1677 747 1716 detractis
762 1677 809 1716 de
823 1677 979 1716 homine
1000 1677 1186 1726 sensibus,
1203 1678 1345 1730 reliqui

216 1733 313 1770 nihil
333 1740 401 1779 est,
428 1745 575 1770 necesse
594 1741 662 1780 est,
684 1731 778 1784 quid
796 1740 863 1770 aut
881 1731 930 1769 ad
948 1740 1141 1779 naturam,
1166 1741 1234 1770 aut
1253 1745 1344 1771 con-

215 1794 274 1825 tra
293 1787 354 1833 sit,
375 1800 397 1824 a
416 1796 553 1824 natura
571 1787 655 1838 ipsa
677 1786 852 1836 judicari.
897 1786 958 1824 Ea
983 1785 1078 1837 quid
1102 1786 1276 1838 percipit,
1304 1795 1343 1826 et

214 1841 308 1892 quid
323 1840 482 1891 judicat,
500 1854 577 1892 quo
596 1849 663 1879 aut
681 1848 785 1892 petat
799 1849 866 1879 aut
880 1840 1004 1892 fugiat
1023 1840 1184 1893 aliquid,
1203 1848 1341 1893 praeter

214 1896 452 1947 voluptatem
472 1904 510 1933 et
527 1895 698 1933 dolorem
713 1897 731 1934 ?

266 1950 367 1989 Sunt
391 1958 521 1987 autem
551 1949 709 2000 quidam
735 1962 756 1987 e
781 1949 932 1995 nostris,
959 1948 1027 2001 qui
1051 1949 1136 1987 haec
1161 1949 1340 1989 subtilius

209 2004 329 2043 velint
348 2003 509 2050 tradere,
529 2012 566 2041 et
584 2012 723 2055 negent
749 2003 838 2042 satis
864 2017 956 2050 esse,
983 2003 1078 2055 quid
1103 2005 1250 2042 bonum
1274 2004 1338 2052 sit,

209 2067 277 2096 aut
295 2058 390 2110 quid
408 2058 572 2105 malum,
593 2071 704 2096 sensu
721 2057 910 2108 judicari.
933 2058 997 2096 sed
1016 2058 1146 2096 animo
1164 2058 1279 2097 etiam
1293 2071 1339 2097 ac

208 2112 352 2151 ratione
381 2112 545 2163 intelligi
574 2125 696 2163 posse
730 2121 768 2150 et
795 2113 1032 2164 voluptatem
1057 2112 1181 2164 ipsam
1205 2126 1273 2164 per
1297 2125 1338 2151 se

207 2179 285 2205 3553
310 2166 578 2218 expetendam,
607 2174 644 2205 et
669 2166 841 2205 dolorem
867 2167 926 2218 ips
909 2180 995 2205 511111
1021 2179 1089 2218 per
1113 2180 1153 2205 se
1177 2180 1256 2206 esse
1273 2166 1337 2204 fu-

204 2220 404 2274 giendum.
451 2221 592 2274 Itaque
611 2221 721 2260 aiunt
741 2221 840 2260 hanc
859 2221 969 2274 quasi
988 2221 1203 2261 naturalem
1221 2228 1338 2273 atque
