1456 2396
225 66 281 104 62
544 64 804 116 ORATOR,
837 65 942 106 CAP.
964 67 1030 104 64,

229 173 348 225 quod,
368 182 522 226 propter
540 187 669 213 rerum
688 175 966 226 ignorationem
985 174 1172 227 ipsarum,
1195 170 1349 211 nullum

229 228 407 267 habuerit
427 237 513 268 ante
533 242 689 277 nomen,
705 229 905 268 necessitas
918 236 1029 280 cogat
1047 235 1114 267 aut
1133 239 1279 266 novum
1293 225 1352 263 fa-

229 295 313 321 cere
331 285 507 331 verbum,
528 290 596 322 aut
614 297 637 322 a
654 284 771 322 simili
789 283 973 322 mutuari.

284 337 449 376 LXIII.
479 337 572 386 Quo
596 345 727 377 autem
745 346 856 390 pacto
874 336 1032 377 deceat
1021 336 1138 376 mcise
1155 335 1350 374 membra-

228 391 348 430 timve
366 392 488 442 dici,
472 405 556 443 Jam
576 392 815 431 videbimus.
846 405 964 442 nunc,
992 400 1088 445 quot
1110 389 1237 430 modis
1261 402 1350 427 mu-

228 453 358 484 tentur
385 446 737 499 comprehensiones
767 447 1116 499 conclusionesque,
1145 443 1352 484 dicendum

226 507 294 539 est.
335 501 444 540 Fluit
461 501 619 540 omnino
637 514 822 540 numerus
847 515 871 540 a
895 500 1020 553 primo
1046 508 1132 539 tum
1156 498 1351 538 incitatius

225 555 411 594 brevitate
435 555 594 608 pedum,
622 563 707 594 tum
734 556 957 608 proceritate
982 554 1140 594 tardius.
1181 552 1351 592 Cursum

227 610 486 649 contentiones
510 609 634 662 magis
663 609 890 662 requirunt;
921 609 1175 662 expositiones
1203 619 1349 653 rerum,

228 663 460 703 tarditatem.
504 664 653 704 Insistit
678 673 809 703 autem
827 663 996 703 ambitus
1014 663 1140 702 modis
1157 661 1351 715 pluribus,

228 730 249 756 e
268 719 410 770 quibus
427 732 552 758 unum
572 727 628 758 est
653 727 782 758 secuta
799 718 899 757 Asia
915 718 1101 767 maxime,
1127 717 1197 770 qui
1221 715 1354 755 dicho-

226 785 315 811 reus
333 781 503 822 vocatur,
524 786 614 812 cum
633 773 710 812 duo
730 773 892 812 extremi
911 772 1037 812 chorei
1056 778 1160 819 sunt,
1179 770 1222 810 id
1239 777 1310 832 ost,
1330 781 1353 808 8

228 827 389 879 singulis
407 829 532 879 longis
557 835 594 867 et
611 828 817 866 brevibus·
847 825 1135 889 explanandum
1155 833 1212 865 est
1229 824 1349 872 enim,

225 882 331 933 quod
344 884 393 920 ab
412 883 496 921 aliis
515 882 632 921 iidem
647 882 762 934 pedes
777 882 860 920 aliis
874 881 1125 921 nominantur
1139 878 1348 919 vocabulis.

226 935 443 975 Dichoreus
461 949 539 975 non
558 944 613 976 est
632 937 697 975 ille
716 936 874 998 quidem
893 949 964 975 sua
982 942 1118 987 sponte
1132 933 1290 974 vitiosus
1307 933 1348 972 in

227 990 432 1039 clausulis;
462 991 557 1030 sed
546 1004 587 1030 m
606 990 785 1030 orationis
804 1003 966 1029 numero
991 988 1090 1028 nihil
1115 996 1172 1028 est
1193 996 1276 1027 tam
1294 988 1352 1028 vi-

226 1045 383 1107 tiosum,
404 1059 524 1098 quam
544 1046 575 1084 si
595 1059 744 1098 semper
762 1053 818 1084 est
836 1044 952 1084 idem.
1001 1043 1115 1083 Cadit
1134 1050 1265 1082 autem
1283 1056 1352 1095 per

225 1112 264 1138 se
282 1100 377 1138 ifle
366 1113 447 1152 lpse
466 1100 669 1152 praeclare:
700 1113 778 1152 quo
804 1099 920 1138 etiam
940 1099 1091 1138 satietas
1109 1097 1353 1137 formidanda

228 1161 285 1192 est
303 1155 438 1216 magis.
469 1155 542 1193 Me
561 1162 697 1201 stante,
720 1154 764 1193 C.
783 1154 923 1202 Carbo,
945 1154 990 1193 C.
1008 1153 1054 1192 F.
1075 1153 1254 1193 tribunus
1271 1152 1354 1204 ple-

224 1208 329 1256 bis,
318 1221 359 1247 m
383 1209 561 1248 concione
588 1209 686 1247 dixit
705 1209 765 1247 his
785 1208 923 1255 verbis,
945 1211 974 1231 “
991 1207 1030 1247 O
1051 1207 1187 1246 Marce
1205 1206 1349 1254 Druse,

224 1271 372 1314 patrem
389 1263 582 1315 appelloss'
612 1263 711 1302 Haec
727 1262 883 1315 quidem
903 1262 981 1302 duo
999 1262 1100 1301 binis
1113 1260 1301 1314 pedibus
1290 1274 1351 1300 ιιι-

224 1317 357 1356 cisim:
379 1317 467 1356 dein
487 1318 748 1365 membratim,
772 1320 800 1340 “
817 1325 858 1355 tu
878 1317 1001 1357 dicere
1021 1318 1181 1364 solebas,
1202 1329 1349 1355 sacram

224 1385 303 1410 esse
322 1372 643 1434 rempublicam.''
674 1372 772 1411 Haec
790 1372 883 1410 item
902 1374 1078 1411 membra
1097 1371 1225 1410 ternis.
1256 1371 1351 1409 Post

222 1427 405 1470 ambitus,
429 1429 457 1449 ‘⁶
473 1427 710 1479 quicumque
725 1439 810 1465 eam
829 1426 1086 1474 violavissent,
1107 1428 1155 1465 ab
1170 1425 1352 1465 omnibus

225 1494 304 1519 8558
323 1481 357 1519 ei
376 1494 506 1532 poenas
524 1482 736 1533 persolutas
750 1481 791 1519 :”
815 1479 1039 1520 dichoreus:
1061 1480 1159 1519 nihil
1178 1480 1282 1519 enim
1300 1479 1351 1518 ad

224 1548 321 1583 rem,
340 1546 511 1574 extrema
525 1536 592 1573 illa
605 1535 722 1587 longa
736 1535 798 1583 sit,
819 1548 868 1573 an
884 1535 1033 1575 brevis:
1055 1534 1207 1581 deinde,
1229 1537 1258 1557 ‘⁶
1275 1534 1352 1573 Pa-

225 1590 292 1628 tris
304 1589 450 1628 dictum
465 1590 627 1641 sapiens,
645 1590 836 1628 temeritas
850 1589 921 1628 filii
933 1589 1237 1642 comprobavit-'⁹
1261 1588 1351 1628 Hoc

225 1643 402 1682 dichoreo
421 1651 550 1683 tantus
569 1645 713 1683 clamor
726 1644 917 1683 concionis
932 1645 1119 1683 excitatus
1134 1651 1203 1692 est,
1223 1650 1269 1682 ut
1282 1643 1350 1682 ad-

223 1698 400 1737 mirabile
425 1707 533 1737 esset.
563 1698 723 1747 Quaero,
750 1711 878 1738 nonne
896 1698 938 1737 id
956 1711 1140 1737 numerus
1155 1697 1318 1737 effecerit
1332 1700 1351 1737 ‚⁹

225 1755 429 1791 verborum
449 1753 621 1792 ordinem
645 1753 813 1792 immuta
825 1768 837 1792 ε
866 1753 927 1792 fac
946 1753 1013 1802 sic,
1031 1756 1060 1776 “
1074 1752 1353 1805 Comprobavit

226 1806 297 1844 filii
309 1807 501 1846 temeritas
511 1808 551 1845 :''
558 1809 641 1857 jam
654 1808 751 1846 nihil
764 1807 848 1856 erit,
857 1808 927 1847 etsi
942 1809 1156 1846 Temeritas
1167 1821 1215 1846 ex
1230 1807 1354 1846 tribus

223 1861 403 1900 brevibus
418 1869 455 1900 et
467 1862 585 1914 longa
600 1869 679 1908 est,
668 1876 678 1885 ·
701 1875 818 1914 quem
830 1862 1072 1910 Aristoteles,
1088 1869 1133 1900 ut
1143 1861 1352 1914 optimum,

226 1917 388 1966 probat3
419 1929 442 1954 a
472 1929 549 1968 quo
579 1916 771 1955 dissentio.
810 1916 871 1955 At
896 1916 1030 1955 eadem
1057 1917 1187 1966 verba,
1215 1915 1350 1955 cadem

225 1971 435 2008 sententia.
466 1970 595 2009 animo
619 1971 717 2010 istuc
744 1970 835 2010 satis
860 1978 930 2019 est,
958 1970 1116 2010 auribus
1141 1982 1219 2009 non
1245 1970 1348 2009 satis.

225 2023 304 2063 Sed
322 2024 363 2062 id
381 2024 549 2063 crebrius
567 2024 650 2063 fieri
666 2037 742 2064 non
762 2033 922 2078 oportet.
952 2024 1134 2064 Primum
1153 2024 1258 2063 enim
1276 2036 1353 2063 nu-

224 2091 353 2117 merus
371 2079 612 2130 agnoscitur:
644 2078 782 2119 deinde
796 2080 933 2119 satiat.
954 2087 1100 2133 postea,
1120 2078 1274 2132 cognita
1291 2078 1351 2118 fa·

225 2133 381 2180 cilitate,
402 2133 671 2172 contemnitur.

281 2187 438 2228 LXIV.
468 2187 544 2228 Sed
565 2196 654 2228 sunt
675 2188 856 2230 clausulae
874 2189 1018 2242 plures,
1038 2201 1127 2242 quae
1151 2199 1355 2229 numerose
