1456 2396
464 58 698 110 TOPICA,
720 61 825 100 CAP.
841 61 879 100 σ.
1181 59 1232 103 77

156 168 293 220 Atque
318 169 435 207 etiam
460 167 700 207 definitiones
724 169 810 208 afiae
838 176 929 208 sunt
957 169 1224 222 partitionum,

102 223 189 262 aliae
220 223 477 261 divisionum.
518 224 786 285 partitionum,
821 237 911 263 cum
943 238 1002 263 res
1039 237 1098 272 ea,
1137 237 1225 275 quae

101 277 299 340 proposita
321 289 391 326 aet,
419 278 529 329 quasi
554 278 595 315 in
621 280 797 316 membra
825 279 1075 330 discerpitur3
1105 286 1164 326 ut,
1192 278 1224 316 5i

100 332 188 385 quis
202 333 268 382 jus
286 331 344 370 civ
336 332 396 370 ile
414 332 516 370 dieat
532 332 574 370 id
592 346 685 381 8558,
702 333 831 384 quod
820 346 860 371 111
875 333 1038 384 legibus,
1055 336 1224 371 senatus-

99 386 294 433 consultis,
315 388 429 425 rebus
444 386 637 436 judicatis,
654 387 962 439 jurisperitorum
985 387 1223 433 auctoritate,

100 441 232 480 edictis
250 440 562 492 magistratuum,
582 454 702 490 more,
724 442 903 493 aequitate
928 442 1117 480 consistat.
1148 441 1223 479 Di-

99 495 292 534 visionum
310 503 441 533 autem
453 495 624 534 definitio
637 496 780 534 formas
795 509 926 535 omnes
939 496 1220 548 complectitur,

97 564 187 602 quae
205 551 277 588 sub
297 562 341 588 eo
359 562 498 601 genere
516 558 619 599 sunt,
642 550 746 602 quod
765 550 971 597 definitu13
992 551 1063 589 hoc
1078 551 1193 589 modo
1207 565 1219 588 ε

96 604 346 644 Abalienatio
357 612 413 643 est
427 605 509 654 ejus
523 604 591 652 rei,
605 618 692 656 quae
711 605 880 657 mancipi
901 614 969 653 est,
986 613 1054 643 aut
1068 605 1221 643 traditio

96 659 207 698 alteri
225 671 344 707 nexu,
366 667 433 697 aut
451 659 492 697 in
506 660 594 709 jure
614 659 743 708 cessio,
763 659 863 698 inter
881 673 977 712 quos
996 673 1040 698 83
1062 661 1149 710 jure
1168 660 1221 697 ci-

95 713 166 753 vili
185 713 267 752 fieri
284 720 456 765 possunt.

150 768 228 808 VI.
258 768 360 807 Sunt
392 775 430 806 et
461 768 537 806 alia
569 781 709 820 genera
741 768 1034 808 definitionum:
1077 769 1142 808 sed
1170 769 1221 808 ad

95 823 214 874 hujus
239 822 328 861 libri
354 821 576 861 institutum
602 824 670 861 illa
694 823 792 861 nihil
817 824 1034 875 pertinent:
1066 832 1220 862 tantum

94 885 151 916 est
169 877 390 925 dicendum,
412 877 481 929 qui
499 877 548 916 sit
566 877 796 916 definitionis
821 878 971 918 modus.
1013 880 1077 919 Sic
1101 880 1221 930 igitur

92 940 239 971 veteres
265 931 518 984 praecipiunt:
550 945 640 971 cum
668 932 847 970 sumseris
876 946 933 981 ea,
964 947 1051 986 quae
1080 933 1156 972 sint
1186 935 1222 973 81

94 987 163 1035 rei,
185 999 305 1039 quam
324 986 482 1025 definire
501 986 608 1035 velis,
629 999 720 1026 cum
739 987 823 1025 aliis
842 989 1077 1038 communia,
1099 1002 1223 1040 usque

92 1054 140 1080 eo
157 1041 348 1094 persequi,
369 1040 466 1079 dum
493 1042 694 1093 proprium
720 1041 919 1091 efficiatur,
941 1044 1045 1094 quod
1070 1044 1221 1082 nullam

90 1096 135 1134 111
154 1096 271 1135 3113111
289 1108 372 1135 18111
391 1095 586 1134 transferri
603 1096 749 1148 possit;
770 1104 813 1134 ut
827 1096 899 1135 hoc
916 1111 926 1135 :
960 1100 988 1120 ‘⁶
1006 1098 1223 1136 Haeredjtas

95 1158 152 1190 est
169 1151 375 1203 pecunia.”
403 1149 622 1189 Commune
636 1151 787 1189 adhuc:
817 1152 942 1190 multa
961 1152 1063 1190 enim
1083 1165 1223 1204 genera

95 1213 187 1244 sunt
205 1205 389 1257 pecuniae.
419 1204 551 1253 Adde,
572 1206 677 1257 quod
697 1205 893 1277 sequitur:
927 1209 955 1228 ⁶⁶
975 1220 1077 1258 quae,
1099 1217 1223 1247 morte

93 1260 274 1322 alicujus,
295 1259 345 1298 ad
363 1260 588 1311 quempiam
603 1260 816 1312 pervenit.”
847 1261 1037 1299 Nondum
1053 1270 1108 1300 est
1127 1263 1223 1301 defi-

95 1315 217 1353 nitio:
253 1314 388 1353 multis
422 1314 526 1352 enim
559 1314 698 1362 modis,
733 1315 814 1353 sine
842 1315 1076 1364 haereditate,
1103 1317 1225 1356 teneri

93 1377 337 1408 mortuorum
362 1369 535 1420 pecuniae
559 1376 731 1420 possunt.
768 1369 906 1407 Unum
925 1369 1023 1408 adde
1042 1373 1220 1419 verbum,

95 1426 126 1446 “
142 1424 271 1474 jure.”
307 1424 404 1463 Jam
431 1436 455 1461 a
479 1423 756 1462 communitate
781 1437 839 1462 res
859 1424 1049 1473 disjuncta
1075 1425 1223 1464 videbi-

93 1486 172 1526 tur,
201 1486 245 1516 ut
270 1478 319 1517 sit
344 1478 534 1529 explicata
559 1478 731 1516 definitio
759 1478 839 1516 sic:
879 1480 907 1500 “
928 1478 1145 1518 Haereditas
1166 1487 1222 1518 est

94 1533 273 1586 pecunia,
294 1546 396 1585 quae,
416 1540 540 1571 morte
553 1532 731 1582 alicujus,
745 1532 794 1570 ad
806 1533 1031 1584 quempiam
1049 1535 1224 1585 pervenit

87 1588 219 1638 jure.‘’
249 1587 440 1626 Nondum
460 1594 516 1624 851
535 1587 625 1625 53115
642 1601 653 1624 z
684 1587 796 1636 adde,
819 1589 847 1608 “
860 1599 930 1625 nec
949 1601 993 1626 ea
1011 1596 1078 1625 aut
1096 1588 1223 1639 legata

93 1650 336 1691 testamento,
356 1649 425 1680 aut
442 1641 676 1692 possessione
693 1641 881 1680 retenta-'⁹
903 1642 1133 1680 Confectum
1153 1651 1221 1681 est.

34 1722 38 1723 ν
94 1697 275 1750 Itemque
311 1703 357 1734 ut
388 1695 513 1733 illud:
546 1698 574 1718 “
601 1696 775 1735 Gentiles
808 1703 911 1744 sunt,
946 1697 1015 1748 qui
1046 1696 1147 1735 inter
1183 1711 1224 1737 se

93 1751 229 1791 eodem
247 1751 404 1790 nomine
426 1751 558 1789 sunt.’'
595 1751 689 1789 Non
717 1758 773 1789 est
797 1751 900 1790 satis.
943 1753 971 1772 “
992 1750 1075 1799 Qui
1094 1753 1143 1790 ab
1162 1752 1222 1790 in-

92 1807 229 1858 genuis
265 1804 421 1844 oriundi
459 1805 592 1844 sunt.'’
640 1805 705 1844 Ne
740 1804 782 1843 id
826 1805 983 1857 quidem
1026 1806 1116 1844 satis
1154 1815 1222 1846 est.

93 1863 123 1883 '⁵‘
144 1860 326 1909 Quorum
364 1861 561 1910 majorum
603 1872 720 1899 nemo
760 1860 983 1898 servitutem
1027 1860 1223 1899 servivit.”

91 1915 218 1954 Abest
236 1915 352 1954 etiam
369 1927 486 1953 nunc.
509 1917 539 1937 ‘⁶
559 1914 642 1962 Qui
656 1915 780 1966 capite
794 1927 871 1953 non
891 1921 982 1953 sunt
995 1914 1222 1952 diminuti.'’

94 1969 183 2009 Hoc
201 1970 359 2008 fortasse
383 1969 474 2008 satis
500 1976 579 2008 est:
611 1969 710 2007 m'hil
734 1969 839 2007 enim
864 1969 975 2007 video
995 1969 1222 2019 Scaevolam,

92 2024 329 2076 pontificem,
356 2024 406 2062 ad
430 2024 531 2062 hanc
557 2023 820 2062 definitionem
847 2023 1048 2061 addidisse.
1085 2023 1223 2075 Atque

93 2079 176 2118 haec
194 2079 291 2118 ratio
309 2079 412 2118 valet
428 2079 471 2116 in
496 2085 661 2130 utroque
680 2090 818 2130 genere
837 2077 1122 2126 definitionum,
1143 2079 1223 2117 sive

91 2132 135 2172 id
152 2133 258 2185 quod
272 2140 342 2181 est,
356 2133 435 2172 sive
445 2132 487 2171 id
499 2133 604 2185 quod
615 2133 859 2184 intelligitur,
876 2132 1139 2171 definiendum
1153 2139 1222 2171 est.

103 2220 109 2223 .
149 2187 411 2229 Partitionum
428 2194 558 2228 autem
578 2194 618 2227 et
634 2187 867 2229 divisionum
886 2200 1008 2237 genus
1033 2186 1148 2239 quale
1167 2199 1225 2226 ese

812 2253 845 2280 11
873 2242 899 2280 3
