1466 2458
455 72 720 124 ORATOR,
742 72 848 113 cAp.
864 74 933 112 31.
1150 99 1157 103 -
1210 77 1264 117 29

133 183 324 238 supplicio
347 183 626 237 parricidarum
640 186 659 223 Ρ
688 197 777 237 quae
803 182 1056 236 nequaquam
1082 184 1173 224 satis
1203 184 1270 224 de-

133 240 319 279 ferbuisse
354 246 441 291 post
472 239 673 291 aliquanto
705 238 845 278 sentire
878 238 1076 290 coepimus.
1108 240 1137 262 ‘⁶
1158 239 1270 288 Quid

134 294 240 334 enim
258 301 340 332 tam
359 307 580 343 commune,
602 307 722 346 quam
742 293 898 345 spiritus
918 293 1028 341 vivis,
1045 301 1146 332 terra
1163 307 1269 334 mor-

133 348 225 397 tuis,
252 362 360 388 mare
385 349 676 395 fluctuantibus,
704 349 796 386 litus
823 348 952 398 ejectis
969 350 987 386 Ρ
1026 348 1089 387 Ita
1114 349 1266 399 vivrmt,

133 403 229 442 dum
248 411 422 456 possunt,
439 411 484 443 ut
498 403 636 442 ducere
651 403 824 441 animam
839 403 887 441 de
899 403 992 442 coelo
1007 416 1086 441 non
1098 413 1261 455 queant:

134 457 191 497 ita
207 459 442 506 moriuntur,
466 466 511 497 ut
538 471 672 498 eorum
697 471 781 497 ossa
807 465 948 496 terram
974 471 1053 496 non
1079 467 1266 510 tangant:

134 513 190 552 ita
204 514 403 563 jactantur
425 514 620 562 fluctibus,
648 520 693 552 ut
717 525 921 565 nunquam
948 513 1181 552 abluantur:
1213 514 1268 553 ita

135 576 330 620 postremo
358 569 578 619 ejiciuntur,
601 575 647 607 ut
672 581 722 606 ne
747 567 797 606 ad
817 581 910 606 saxa
935 568 1094 620 quidem
1122 569 1269 608 mortui

136 623 408 675 conquiescant
422 624 465 670 ;”
486 631 523 662 et
535 637 623 676 quae
635 630 862 675 sequuntur.
890 624 991 662 Sunt
1003 623 1108 661 enim
1123 624 1269 672 omnia,

138 677 236 716 sicut
263 678 526 726 adolescentis,
554 691 633 718 non
653 686 735 716 tam
761 691 802 716 re
829 685 866 716 et
889 678 1125 725 maturitate,
1148 692 1270 730 quam

139 745 206 785 spe
225 740 264 772 et
282 734 576 786 exspectatione,
596 733 756 772 laudati.
785 733 855 772 Ab
869 733 941 771 hac
960 733 1090 771 indole
1101 734 1185 783 jam
1205 734 1273 772 ina

139 795 319 827 matura:
352 791 381 811 “
401 789 513 828 Uxor
531 788 676 840 generi,
696 801 860 827 noverca
884 788 969 836 filii,
991 788 1082 826 ffliae
1100 789 1272 840 pellex.''

142 842 228 882 Nec
246 856 336 882 vero
354 843 418 882 hic
437 857 538 882 unus
557 851 638 882 erat
663 843 777 881 ardor
794 843 835 881 in
854 843 980 891 nobis,
1000 850 1045 881 ut
1064 843 1137 882 hoc
1154 843 1273 882 modo

139 897 272 936 onmia
289 898 515 938 diceremus.
546 898 640 951 Ipsa
658 898 763 937 enim
781 897 849 936 illa
873 911 944 950 pro
963 898 1105 937 Roscio
1120 899 1277 948 juveni-

138 951 187 991 lis
223 953 481 992 redundantia
516 955 644 992 multa
685 954 802 992 habet
839 961 1050 1003 attenuata,
1090 953 1273 1006 quaedam

138 1007 255 1046 etiam
273 1009 392 1060 paulo
415 1009 623 1055 hilariora3
653 1016 700 1047 ut
723 1021 794 1060 pro
812 1008 949 1057 Avito,
976 1021 1048 1060 pro
1076 1008 1272 1057 Cornelio,

138 1063 434 1117 compluresque
453 1065 550 1103 aliae.
589 1065 721 1103 Nemo
746 1064 851 1102 enim
878 1071 1004 1102 orator
1022 1071 1103 1102 tam
1130 1064 1272 1111 multa,

137 1129 187 1156 ne
203 1118 246 1156 in
266 1118 404 1158 Graeco
421 1120 583 1172 quidem
602 1120 694 1167 otio,
716 1119 879 1171 scripsit,
901 1131 1022 1171 quam
1040 1120 1168 1157 multa
1181 1126 1273 1157 sunt

137 1180 294 1212 nostra:
326 1187 447 1227 eaque
465 1174 595 1214 hanc
584 1188 711 1227 1psam
729 1174 889 1224 habent,
911 1187 1032 1226 quam
1051 1176 1187 1227 probo,
1205 1187 1273 1213 va-

139 1227 327 1267 rietatem.

193 1281 358 1322 XXXI.
388 1283 459 1323 An
478 1297 548 1336 ego
569 1284 758 1333 Homero,
783 1284 930 1333 Ennio,
950 1283 1110 1336 reliquis
1128 1284 1267 1336 po'e'tis,

138 1343 176 1376 et
194 1338 367 1377 maxime
385 1340 553 1391 tragicis,
575 1339 836 1387 concederem,
853 1346 898 1376 ut
916 1351 965 1377 ne
979 1339 1161 1377 omnibus
1179 1339 1273 1377 locis

138 1392 275 1431 eadem
303 1394 546 1433 contentione
572 1402 787 1441 uterentur,
822 1395 1031 1445 crebroque
1061 1401 1272 1441 mutarent,

138 1459 423 1500 nonnunquam
443 1449 561 1487 etiam
585 1449 635 1487 ad
654 1448 926 1501 quotidianum
945 1461 1068 1499 genus
1087 1449 1274 1487 sermonis

138 1502 386 1550 accederent3
416 1503 499 1555 ipse
518 1516 723 1556 nunquam
748 1505 797 1541 ab
816 1503 886 1542 ina
911 1502 1097 1541 acerrima
1116 1510 1274 1541 conten-

139 1557 244 1596 tione
270 1558 539 1598 discederem?
569 1559 646 1598 Sed
674 1558 770 1611 quid
799 1562 932 1610 poe‘tas
957 1557 1090 1596 divino
1117 1558 1275 1610 ingenio

139 1612 326 1664 profero?
358 1613 576 1653 Histriones
596 1626 659 1653 eos
684 1613 867 1662 vidimus,
894 1612 1037 1665 quibus
1062 1613 1162 1650 nihil
1187 1626 1276 1665 pos-

140 1675 197 1705 set
215 1667 256 1705 in
277 1681 346 1707 suo
364 1681 504 1720 genere
522 1682 602 1708 esse
619 1668 878 1721 praestantius,
899 1666 969 1720 qui
988 1680 1066 1705 non
1086 1668 1243 1706 solum
1232 1681 1275 1706 m

140 1721 410 1762 dissimillimis
437 1724 607 1775 personis
635 1723 931 1771 satisfaciebant,
952 1735 1044 1761 cum
1073 1729 1204 1761 tamen
1234 1723 1276 1761 in

142 1777 221 1815 suis
246 1786 500 1826 versarentur,
525 1779 591 1818 sed
618 1786 655 1818 et
683 1777 903 1817 comoedum
928 1777 970 1815 in
996 1777 1205 1829 tragoediis,
1236 1785 1275 1816 et

141 1832 394 1884 tragoedum
383 1845 425 1870 m
444 1833 654 1882 comoediis,
675 1833 889 1872 admodum
913 1833 1065 1885 placere
1090 1832 1273 1871 vidimus.

140 1886 230 1938 Ego
249 1899 328 1926 non
347 1887 538 1926 elaborem
555 1891 573 1927 Ρ
604 1889 709 1927 Cum
728 1888 813 1927 dico
831 1901 910 1935 me,
930 1895 982 1933 te,
1003 1887 1142 1935 Brute,
1164 1887 1274 1926 dico:

140 1954 235 1980 nam
260 1942 302 1979 in
327 1954 392 1980 me
411 1942 570 1994 quidem
599 1942 836 1994 jampridem
865 1942 1046 1981 effectum
1072 1949 1142 1990 est,
1171 1942 1278 1994 quod

141 1996 321 2035 futurum
339 1996 426 2034 fuit.
457 1997 524 2036 Tu
544 2006 675 2036 autem
694 1997 830 2036 eodem
848 1997 966 2036 modo
989 2009 1122 2036 omnes
1142 2010 1277 2035 causas

143 2063 234 2102 ages
248 2053 266 2089 Ρ
295 2058 364 2090 aut
383 2052 542 2104 aliquod
560 2065 764 2091 causarum
783 2065 906 2104 genus
925 2051 1147 2104 repudiabis
1162 2054 1179 2090 Ρ
1209 2058 1278 2090 aut

139 2105 182 2144 in
194 2105 330 2144 iisdem
349 2107 472 2145 causis
490 2115 723 2159 perpetuum
739 2115 777 2145 et
795 2107 976 2146 eumdem
987 2107 1182 2158 spiritum,
1197 2106 1279 2144 sine

142 2160 225 2198 ulla
236 2162 551 2211 commutatione,
563 2162 755 2200 obtinebis
765 2165 783 2201 Ρ
803 2162 1086 2201 Demosthenes
1099 2161 1273 2213 quidem,

142 2216 255 2267 cujus
271 2228 410 2268 nuper,
430 2215 529 2256 inter
553 2217 743 2268 imagines
767 2224 854 2257 tuas
880 2230 923 2255 ac
951 2224 1123 2266 tuorum,
1151 2214 1294 2268 (quod-A

883 2282 913 2309 D
935 2272 960 2309 3
