1456 2396
230 60 316 100 AD
337 60 543 101 HEREN
545 61 587 100 N
591 60 722 110 IUM,
739 59 840 99 Lm.
854 59 932 99 IV.
949 59 1056 98 CAP.
1072 60 1139 98 50,
1168 60 1248 97 255

120 169 214 217 rius,
243 171 368 222 magis
396 170 612 209 dilucidum
639 170 792 216 reddit3
822 168 1132 222 probabiliorem,
1160 181 1251 207 cum

118 225 242 275 magis
275 225 521 264 verisimilem
554 225 646 264 facit
659 240 670 262 ι
712 232 801 263 ante
833 224 963 263 oculos
996 223 1120 276 ponit,
1156 236 1246 261 cum

116 279 299 330 exprimit
337 280 469 318 omnia
504 280 717 332 perspicue,
756 287 801 317 ut
837 292 911 328 reS,
949 292 1067 330 prope
1105 277 1246 325 dicam,

114 344 236 371 manu
257 334 396 372 tentari
413 335 543 386 possit.
585 334 904 385 Uniuscujusque
929 332 1076 384 generis
1096 332 1250 383 singula

114 387 408 437 subjecissemus
427 389 619 441 exempla,
641 389 715 427 nisi
741 388 981 439 exemplum,
1003 387 1108 438 quod
1126 399 1249 438 genus

113 450 227 489 esset,
244 442 287 481 in
306 443 538 495 expolitione
558 443 939 490 demonstrassemus,
963 449 999 479 et
1025 454 1156 479 causas
1183 455 1248 479 su-

112 496 246 535 mendi
274 497 315 536 in
344 498 596 536 similitudine
623 497 916 550 aperuissemus.
961 496 1094 543 Quare
1120 495 1248 534 nolui-

114 563 217 600 mus,
238 564 364 604 neque
382 566 519 605 pauca,
541 566 618 604 quo
643 552 774 590 minus
792 551 1084 602 intelligeretur,
1105 563 1246 602 neque,

114 619 155 645 re
174 605 383 657 intellecta,
404 608 518 659 plura
538 607 784 646 conscribere.

168 660 307 713 Imago
327 670 382 700 est
400 663 536 700 formae
555 675 645 700 cum
664 661 804 710 forma,
819 673 910 699 cum
924 658 1095 711 quadam
1111 658 1248 696 simfli-

113 715 262 763 tudine,
279 716 442 755 collatio.
474 717 572 754 Haec
592 716 760 755 sumitur
779 723 846 753 aut
865 713 991 752 laudis
1007 721 1075 751 aut
1096 713 1247 764 vitupe-

110 769 269 808 rationis
281 771 406 809 causa„
438 771 587 809 Laudis
602 771 730 818 causa,
745 770 797 808 sic
812 785 821 808 ε
847 773 874 791 “
893 769 982 806 Ibat
993 768 1034 805 in
1049 768 1244 819 proelium,

111 837 268 876 corpore
300 826 401 863 tauri
431 825 672 874 validissimi,
710 825 861 876 impetu
898 823 1017 861 leonis
1055 822 1244 869 acerrimi,

111 878 291 917 similis.''
332 880 653 932 Vituperationis,
681 887 726 918 ut
752 880 793 917 in
820 878 968 926 odium,
990 884 1059 915 aut
1086 877 1128 914 in
1146 876 1247 915 invi-

110 933 233 982 diam,
254 934 382 973 autin
408 934 707 974 contemtionem
733 933 911 972 adducat.
952 932 1010 970 Ut
1034 931 1075 969 in
1094 931 1245 980 odium,

109 987 184 1026 hoc
203 989 344 1027 modo:
369 992 397 1013 “
412 990 492 1028 Iste
511 989 683 1041 quotidie
702 1002 770 1040 per
788 988 919 1026 forum
938 986 1129 1035 medium,
1144 993 1245 1024 tam-

109 1056 231 1095 quam
239 1044 400 1093 jubatus
409 1044 536 1092 draco,
547 1044 677 1096 serpit,
687 1043 867 1082 dentibus
879 1041 1052 1089 aduncis,
1063 1040 1244 1092 adspectu

110 1105 311 1149 venenato,
333 1099 470 1151 spiritu
489 1099 637 1147 rabido,
655 1098 976 1149 circumspectans
990 1096 1067 1134 huc
1083 1102 1121 1134 et
1134 1095 1243 1144 illuc,

108 1151 142 1190 si
161 1166 280 1204 quem
305 1154 483 1206 reperiat,
512 1153 574 1193 cui
600 1152 749 1205 aliquid
774 1152 869 1191 mali
896 1151 1073 1190 faucibus
1098 1149 1244 1198 afflare,

111 1204 198 1257 [ore
215 1208 440 1261 attingere,]
463 1208 642 1247 dentibus
661 1208 842 1256 insecare,
863 1206 1001 1258 lingua
1019 1205 1246 1257 adspergere

110 1262 272 1313 possit.”
302 1263 360 1302 Ut
378 1264 419 1302 in
438 1263 626 1302 invidiam
641 1262 821 1311 adducat,
837 1261 910 1300 hoc
929 1260 1045 1299 modo
1060 1274 1070 1298 τ
1104 1261 1132 1282 “
1149 1260 1243 1308 Iste,

111 1316 181 1368 qui
206 1317 359 1357 divitias
378 1331 466 1357 suas
482 1319 616 1369 jactat,
637 1318 736 1356 sicut
756 1317 894 1356 Gallus
920 1329 941 1354 e
968 1313 1155 1366 Phrygia,
1176 1322 1246 1352 aut

108 1371 251 1411 ariolus
271 1373 479 1425 quispiam,
501 1373 700 1424 depressus
720 1379 758 1410 et
770 1378 949 1411 oneratus
964 1383 1073 1418 auro,
1086 1369 1243 1417 clamat,

109 1433 149 1464 et
184 1426 372 1477 dejerat.”
430 1428 488 1466 Ut
525 1428 566 1466 in
604 1427 902 1466 contemtionem
940 1424 1121 1473 adducat,
1160 1423 1213 1463 sic
1229 1438 1241 1461 :

111 1483 140 1503 “
163 1481 256 1529 Iste,
278 1482 361 1534 qui,
383 1489 586 1534 tamquam
611 1482 779 1530 cochlea,
800 1479 1036 1520 abscondens
1056 1486 1093 1517 et
1118 1485 1243 1517 reten-

111 1542 196 1574 tans
216 1550 296 1575 sese
316 1538 468 1587 tacitus,
496 1551 587 1576 cum
613 1537 731 1576 domo
758 1536 830 1575 sua
854 1542 973 1584 totus,
995 1540 1039 1572 ut
1065 1533 1243 1572 comeda-

112 1597 190 1639 tur,
211 1591 426 1630 aufertur.'‘

165 1645 322 1685 Effictio
350 1655 420 1695 est,
450 1660 540 1685 cum
570 1645 801 1699 exprimitur
829 1652 867 1684 et
894 1643 1088 1695 effingitur
1117 1642 1243 1681 verbis

111 1700 278 1752 corporis
297 1702 516 1754 cujuspiam
541 1702 681 1749 forma,
702 1700 807 1753 quod
834 1700 924 1739 satis
951 1698 999 1737 sit
1024 1698 1074 1736 ad
1102 1697 1243 1735 intelli-

107 1755 296 1806 gendum,
316 1756 389 1795 hoc
408 1756 549 1796 modo:
582 1759 610 1778 “
628 1756 750 1794 Hunc
769 1755 867 1804 dico,
885 1753 1048 1804 judices,
1062 1753 1241 1799 rubrum,

110 1811 281 1860 brevem,
301 1810 521 1861 incurvum,
542 1824 698 1858 canum,
716 1810 974 1861 subcrispum,
995 1806 1167 1855 caesium,
1180 1807 1243 1844 cui

111 1877 202 1902 sane
220 1878 364 1917 magna
383 1873 438 1905 est
456 1866 498 1904 in
517 1873 648 1905 mento
668 1865 824 1904 cicatrix
841 1879 853 1910 ;
885 1863 916 1902 si
935 1875 1013 1914 quo
1037 1861 1154 1900 modo
1172 1874 1242 1912 po-

110 1924 183 1957 test
201 1920 308 1958 vobis
327 1921 368 1958 in
387 1921 617 1960 memoriam
637 1919 798 1958 redire.”
830 1919 963 1957 Habet
980 1917 1062 1955 haec
1082 1928 1244 1954 exorna-

111 1972 167 2012 tio
186 1987 276 2012 cum
295 1976 517 2024 utilitatem,
539 1977 570 2014 si
597 1988 716 2028 quem
741 1974 835 2012 velis
860 1973 1135 2018 demonstrare,
1155 1977 1242 2008 tum

111 2036 368 2078 venustatem,
389 2030 421 2068 si
439 2031 604 2069 breviter
623 2037 660 2068 et
679 2029 846 2072 dilucide
864 2027 965 2079 facta
983 2033 1050 2065 est.

167 2082 217 2121 L.
248 2084 409 2123 Notatio
434 2092 504 2136 est,
525 2098 615 2124 cum
634 2084 798 2134 alicujus
816 2090 955 2124 natura
973 2080 1084 2121 certis
1102 2079 1243 2118 descri-

112 2136 218 2176 bitur
236 2138 369 2190 signis,
390 2153 492 2191 quae,
513 2140 625 2179 sicuti
649 2146 750 2177 notae
769 2137 964 2190 quaedam,
985 2143 1133 2173 naturae
1152 2142 1243 2172 sunt

113 2192 311 2232 attributa.
341 2193 400 2232 Ut
419 2194 450 2233 si
469 2195 562 2234 velis
580 2206 659 2233 non
686 2193 860 2241 divitem,
882 2190 948 2231 sed
973 2196 1243 2229 ostentatorem
