1456 2396
33 1520 170 1563 reem

201 50 281 90 298
333 48 817 88 ACADEMICORUM
837 48 938 89 LIB.
954 49 1015 90 ΙΙ.
1027 48 1134 91 CAP.
1153 52 1215 91 11.

202 156 319 203 n1ile3
349 156 471 210 eaque
495 170 535 196 se
559 157 618 195 uti
641 157 775 210 regula
795 165 832 198 et
855 158 898 196 in
922 158 1072 211 agenda
1095 159 1190 209 vita,
1216 166 1255 198 et
1278 159 1320 198 in

206 212 413 262 quaerendo
431 225 475 250 ac
493 211 720 250 disserendo.

257 265 336 303 XI.
357 266 458 313 Quae
476 265 548 303 ista
566 266 698 317 regula
716 273 786 315 est,
807 265 838 304 si
856 266 1051 305 notionem
1070 267 1149 306 veri
1167 274 1206 306 et
1218 266 1321 316 falsi,

203 326 403 370 propterea
424 319 528 371 quod
558 332 601 357 ea
630 332 708 358 non
737 328 897 372 possunt
925 321 1143 369 intemosci‚
1172 321 1324 359 nullam

203 373 390 411 habemus
405 376 422 411 ?
452 373 574 420 Nam,
602 373 635 411 si
658 373 858 422 habemus,
885 374 1064 413 interesse
1090 382 1253 426 oportet,
1278 381 1324 412 ut

203 427 304 464 inter
323 435 469 465 rectum
495 436 533 465 et
557 440 734 478 pravum,
765 428 817 466 sic
841 428 941 466 inter
959 441 1093 466 verum
1113 437 1151 467 et
1168 428 1323 466 falsum.

206 481 248 519 Si
267 480 364 518 nihil
383 481 551 528 interest,
571 481 680 519 nulla
698 483 830 533 regida
849 490 927 520 est:
960 495 1029 521 nec
1046 489 1171 534 potest
1188 482 1236 530 is,
1263 481 1326 520 cui

207 543 263 572 est
282 535 376 573 visio
395 535 474 573 veri
492 535 655 587 falsique
674 536 902 584 communis,
923 536 1050 574 ullum
1069 536 1209 574 habere
1223 535 1329 586 judi-

207 589 325 635 cium,
342 596 409 626 aut
426 589 548 626 ullam
563 589 719 627 omnino
733 590 900 627 veritatis
919 596 1062 628 notam.
1094 590 1216 638 Nam,
1232 602 1322 628 cum

207 642 354 689 dicunt,
374 643 447 681 hoc
472 656 511 680 se
528 655 653 680 unum
672 644 816 691 tollere,
838 651 881 681 ut
899 643 1114 695 quidquam
1131 643 1251 695 possit
1269 643 1328 681 ita

209 696 343 746 videri,
370 704 415 734 ut
439 709 516 735 non
542 697 676 735 eodem
701 697 816 735 modo
841 697 983 735 falsum
1003 698 1118 736 etiam
1137 697 1257 749 possit
1274 697 1332 734 vi-

210 750 304 799 deri,
339 758 474 789 caetera
505 759 635 789 autem
669 751 870 789 concedere
887 765 898 797 ς
940 751 1087 790 faciunt
1118 751 1331 802 pueriliter.

210 803 302 851 Quo
321 805 425 842 enim
444 805 574 843 omnia
589 805 824 854 judicantur,
853 806 1018 851 sublato,
1039 806 1189 856 reliqua
1207 817 1247 843 se
1264 816 1332 843 ne-

208 866 303 909 gant
321 859 476 897 tollere:
508 866 565 906 ut,
587 859 617 896 si
638 859 737 910 quis,
759 871 877 910 quem
895 860 1015 897 oculis
1033 858 1253 910 privaverit,
1273 858 1334 896 di-

211 920 285 960 cat,
307 926 364 960 ea,
393 926 480 964 quae
505 913 607 951 cerni
632 921 799 964 possent,
820 925 896 951 non
917 925 957 951 se
978 913 1012 951 ei
1031 913 1228 951 ademisse.
1276 912 1334 950 Ut

212 966 314 1004 enim
329 967 396 1004 illa
410 967 528 1005 oculis
547 967 662 1004 modo
677 975 969 1018 cognoscuntur,
987 967 1039 1005 sic
1054 967 1202 1018 reliqua
1217 966 1305 1004 visis
1319 979 1332 1012 ;

214 1020 280 1058 sed
310 1021 465 1072 propria
491 1021 584 1068 veri,
615 1033 693 1058 non
724 1021 921 1059 communi
950 1021 1029 1059 vexi
1055 1028 1092 1059 et
1117 1020 1204 1058 falsi
1231 1020 1335 1058 nota.

215 1074 494 1122 Quamobrem,
517 1075 594 1112 sive
613 1083 654 1112 tu
674 1075 912 1125 probabilem
930 1075 1130 1120 visionem,
1151 1075 1230 1113 sive
1247 1087 1337 1125 pro-

214 1129 384 1166 babilem
411 1136 448 1166 et
467 1142 554 1179 quae
573 1141 649 1166 non
670 1129 903 1179 impediatur
921 1131 982 1171 (ut
1002 1128 1216 1167 Carneades
1235 1128 1338 1166 vole-

217 1184 316 1231 bat),
345 1183 422 1220 sive
447 1183 552 1220 aliud
572 1182 666 1234 quid
685 1181 865 1233 proferes,
886 1182 991 1234 quod
1009 1195 1192 1234 sequare3
1213 1181 1263 1219 ad
1281 1181 1338 1219 vi-
1349 1195 1448 1250 s

217 1249 304 1274 sum
319 1236 431 1284 illud,
452 1236 499 1274 de
519 1249 596 1287 quo
611 1236 777 1287 agimus,
798 1236 869 1273 tibi
887 1236 959 1274 erit
976 1235 1257 1274 revertendum.
1288 1235 1338 1273 In

218 1303 261 1328 eo
281 1298 424 1338 autem,
446 1290 477 1327 si
497 1291 567 1328 erit
585 1290 839 1328 communitas
859 1303 947 1328 cum
966 1290 1077 1338 falso,
1097 1290 1251 1328 nullum
1268 1289 1340 1327 erit

212 1344 420 1394 judicium,
448 1344 540 1395 quia
562 1344 761 1395 proprium
791 1344 831 1399 in
857 1345 1054 1382 communi
1080 1344 1188 1395 signo
1214 1343 1339 1381 notari

218 1411 295 1435 non
316 1406 450 1449 potest.
488 1398 556 1436 Sin
582 1406 711 1436 autem
737 1411 942 1436 commune
967 1398 1064 1436 nihil
1089 1398 1173 1446 erit,
1201 1398 1338 1444 habeo,

219 1452 323 1503 quod
344 1453 440 1490 volo.
472 1452 521 1489 Id
548 1452 650 1490 enim
678 1465 822 1503 quaero,
850 1451 955 1503 quod
972 1452 1026 1489 ita
1043 1452 1142 1490 mihi
1167 1451 1341 1491 videatur

219 1519 368 1553 verum,
389 1514 434 1543 ut
451 1518 528 1544 non
548 1506 666 1557 possit
678 1506 788 1548 idem
805 1506 948 1544 falsum
967 1506 1097 1544 videri,
1134 1524 1253 1550 em
1271 1507 1452 1550 ng„

275 1559 402 1598 Simili
420 1560 460 1597 in
481 1573 603 1598 errore
615 1556 1262 1622 versanturw
1276 1572 1341 1598 ve-
1356 1554 1456 1600 GL}

220 1613 340 1651 ritatis
375 1613 506 1660 coacti,
541 1614 740 1665 perspicua
771 1627 794 1652 a
825 1621 1012 1666 perceptis
1039 1614 1175 1652 volunt
1205 1613 1343 1652 distin-

220 1680 351 1718 guere,
373 1676 410 1706 et
428 1676 614 1706 conantur
631 1667 841 1716 ostendere,
862 1680 940 1706 esse
958 1667 1105 1720 aliquid
1124 1667 1340 1720 perspicui;

221 1734 356 1759 verum
388 1721 487 1759 illud
520 1722 677 1773 quidem
714 1722 943 1774 impressum
980 1721 1021 1760 in
1058 1721 1189 1760 animo
1225 1728 1342 1773 atque

222 1783 366 1822 mente,
384 1788 509 1827 neque
523 1785 652 1814 tamen
667 1776 707 1814 id
721 1775 864 1827 percipi
879 1789 922 1814 ac
935 1775 1206 1827 comprehendi
1219 1787 1340 1827 posse.

225 1829 318 1876 Quo
347 1829 450 1867 enim
479 1830 594 1868 modo
620 1830 817 1882 perspicue
842 1829 982 1868 dixeris
1006 1830 1141 1868 album
1167 1842 1247 1868 esse
1271 1829 1342 1867 ali-

227 1882 337 1934 quid,
366 1896 455 1922 cum
473 1884 591 1935 possit
609 1884 789 1933 accidere,
816 1891 861 1922 ut
889 1884 944 1932 id,
972 1884 1076 1936 quod
1100 1883 1255 1935 nigrum
1280 1883 1343 1931 sit,

226 1937 358 1974 album
391 1950 470 1975 oese
500 1937 704 1976 videatur?
733 1946 800 1977 aut
830 1951 908 1989 quo
932 1938 1048 1976 modo
1071 1938 1143 1975 ista
1168 1944 1236 1975 aut
1259 1950 1347 1989 per-

227 1991 359 2042 spicua
383 1991 568 2039 dicemus,
589 2000 655 2029 aut
674 1993 794 2030 menti
818 1992 1002 2043 impressa
1024 1991 1227 2038 subtiliter,
1254 2003 1345 2029 cum

229 2045 280 2083 sit
298 2045 503 2091 incertum,
523 2058 623 2095 vere,
643 2046 856 2085 inaniterne
874 2053 1073 2085 moveatur
1085 2048 1103 2085 ἓ
1134 2046 1198 2084 lta
1221 2057 1347 2096 neque

228 2099 344 2147 color,
373 2112 497 2151 neque
516 2112 666 2151 corpus,
693 2113 763 2139 nec
785 2100 936 2148 veritas,
962 2112 1033 2139 nec
1056 2106 1344 2151 argumentum,

230 2165 301 2192 nec
317 2166 462 2202 sensus»,
482 2166 608 2206 neque
625 2155 871 2208 perspicuum
888 2154 1017 2194 ullum
1035 2153 1277 2206 relinquitur.
1347 2162 1444 2242 s

1454 1014 1456 1055 1
