1456 2396
232 380 318 433 M.
347 380 610 436 TULLII
651 383 1094 453 CICERONIS,

626 522 690 550 DE

119 616 574 680 FINIBUS
636 620 1196 684 BONORUM

377 756 475 810 ET
515 757 945 827 MALORUM,

630 893 694 920 AD

487 989 840 1048 BRUTUM,

404 1104 611 1145 LIBER
649 1107 920 1147 PRIMUS.

569 1262 758 1299 -ψ-

151 1413 184 1451 Ι.
215 1413 325 1452 NON
346 1428 450 1454 eram
477 1416 639 1464 nescius,
667 1417 805 1462 Brute,
834 1428 938 1463 cum,
959 1429 1047 1468 quae
1067 1416 1229 1454 summis

89 1466 252 1518 ingeniis
271 1470 538 1523 exquisitaque
553 1471 725 1510 doctrina
745 1471 963 1523 philosophi
984 1471 1118 1509 Graeco
1150 1484 1227 1509 ser-

92 1535 207 1561 mone
236 1525 511 1572 tractavissent,
544 1539 588 1564 ea
619 1526 769 1564 Latinis
794 1526 913 1564 literis
938 1525 1226 1573 mandaremus,

92 1576 187 1624 fore,
208 1586 252 1615 ut
270 1578 333 1616 hic
352 1588 478 1618 noster
496 1581 605 1618 labor
623 1581 664 1618 in
684 1581 807 1619 varias
833 1580 1142 1632 reprehensiones
1168 1580 1230 1617 in-

93 1639 270 1670 curreret.
302 1633 410 1671 Nam
429 1634 678 1685 quibusdam,
699 1644 736 1674 et
754 1635 800 1673 iis
819 1634 976 1686 quidem
996 1647 1074 1672 non
1094 1634 1229 1672 admo-

91 1685 188 1724 dum
202 1686 378 1737 indoctis,
394 1696 521 1727 totum
535 1689 608 1728 hoe
622 1689 809 1741 displicet,
826 1689 1098 1741 philosophari.
1127 1688 1229 1737 Qui-

92 1739 184 1778 dam
210 1748 340 1780 autem
369 1755 448 1781 non
472 1743 513 1782 id
539 1752 620 1782 tam
644 1743 943 1796 reprehendunt,
974 1744 1005 1782 si
1032 1743 1227 1783 remissius

93 1803 250 1845 agatur:
272 1797 337 1834 sed
349 1806 502 1836 tantum
515 1798 702 1847 studium,
719 1807 877 1851 tamque
888 1798 1055 1836 multam
1070 1811 1227 1850 operam

94 1850 314 1900 ponendam
332 1851 373 1889 in
393 1866 436 1891 eo
455 1866 532 1891 non
551 1853 797 1892 arbitrantur.
827 1853 957 1891 Erunt
979 1853 1109 1898 etiam,
1131 1860 1168 1890 et
1185 1852 1228 1890 hi

94 1903 254 1955 quidem
272 1905 412 1945 eruditi
431 1907 575 1947 Graecis
593 1908 726 1956 literis,
747 1916 1031 1947 contemnentes
1051 1906 1226 1955 Latinas,

92 1958 163 2009 qui
181 1971 220 1996 se
238 1958 367 1998 dicant
384 1961 425 1999 in
445 1962 589 2001 Graecis
614 1963 785 2014 legendis
811 1975 968 2014 operam
994 1961 1112 2000 malle
1138 1973 1229 1999 eon-

92 2025 256 2052 sumere.
297 2014 496 2055 Postremo
515 2017 664 2069 aliquos
688 2017 840 2057 futuros
864 2016 1048 2068 suspicor,
1071 2015 1141 2067 qui
1165 2028 1230 2053 me

92 2066 144 2104 ad
161 2067 255 2106 alias
273 2068 402 2108 literas
426 2079 585 2118 vocent;
616 2085 738 2124 genus
760 2073 833 2111 hoc
858 2070 1060 2118 scribendi,
1086 2069 1156 2108 etsi
1180 2069 1230 2107 sit

92 2121 259 2172 elegans,
293 2136 464 2174 personae
497 2133 627 2164 tamen
660 2134 698 2165 et
733 2126 931 2178 dignitatis
963 2138 1042 2164 esse
1074 2132 1228 2175 negent.

93 2176 240 2221 Contra
276 2190 373 2229 quos
410 2192 543 2219 omnes
579 2181 785 2221 dicendum
822 2180 987 2219 breviter
1025 2178 1201 2219 existimo
1218 2192 1229 2216 ε

147 2233 339 2278 (Plzz'los.)
361 2244 468 2274 vor„
498 2247 549 2274 11.
827 2237 850 2273 2
873 2246 906 2274 H
