1456 2396
428 83 662 134 TOPICA,
693 85 798 124 CAP.
820 87 884 124 25.
1170 85 1223 123 95

94 209 144 236 ex
162 208 240 248 quo
259 195 375 234 etiam
394 206 548 233 nomen.
578 194 689 233 Juris
708 203 839 234 autem
858 203 984 247 partes
1004 202 1088 233 tum
1108 205 1227 245 expo·

93 252 189 300 sitae,
209 258 295 288 tum
314 249 517 301 aequitatis.
558 248 811 288 Deliberandi
832 249 934 298 finis,
955 250 1126 295 utilitas,
1115 263 1125 272 ·
1157 262 1225 287 cu·

87 307 153 356 jus
171 305 232 343 hae
249 311 389 356 partes,
411 317 498 355 quae
522 303 640 342 modo
666 304 862 355 expositae,
888 317 1016 342 rerum
1043 310 1226 355 expeten-

92 360 243 399 darum.
285 357 539 396 Laudationis
570 358 671 404 finis,
702 358 908 404 honestasz,
948 359 996 397 de
1024 372 1102 410 qua
1129 358 1224 396 item

90 421 147 453 est
165 420 253 452 ante
271 412 431 451 dictum.
461 412 539 451 Sed
557 412 725 451 definitae
744 414 971 475 quaestiones
986 427 1008 451 a
1024 413 1101 451 suis
1116 425 1223 464 quae-

91 481 168 531 que
199 468 304 514 locis,
339 467 450 519 quasi
482 467 660 519 propriis,
693 467 962 515 instituuntur,
996 468 1037 505 in
1069 480 1224 506 accusa-

88 523 234 562 tionem
252 521 590 573 defensionemque
607 522 769 574 partitae.
801 522 851 560 In
871 523 1012 574 quibus
1033 523 1223 560 exsistunt

87 578 170 617 haec
188 589 341 629 genera,
362 583 407 614 ut
426 584 621 615 accusator
638 589 841 628 personam
861 584 998 628 arguat
1015 576 1129 622 facti3
1157 576 1225 614 de-

87 632 216 672 fensor
229 629 376 683 aliquid
391 638 561 682 opponat
575 631 622 669 de
636 631 773 679 tribus,
790 639 858 670 aut
871 644 950 670 non
966 644 1045 669 esse
1059 631 1221 677 factum,

88 694 170 736 aut,
198 685 230 725 si
255 686 304 724 sit
329 685 490 734 factum,
518 685 626 724 aliud
651 687 733 735 ejus
757 686 850 725 facti
875 699 1017 724 nomen
1041 699 1134 733 esse,
1155 691 1224 722 aut

84 743 173 792 jure
192 753 271 779 esse
288 739 447 778 factum.
489 740 629 792 Itaque
653 748 720 778 aut
742 740 917 780 inficialis
943 748 1010 778 aut
1029 741 1223 789 conjectu-

87 796 178 835 ralis
208 795 336 847 prima
367 795 610 846 appelletur3
654 794 863 843 definitiva,
903 796 1051 840 altera3
1095 794 1220 839 tertia,

88 850 266 903 quamvis
294 849 502 889 molestum
531 862 673 889 nomen
702 849 775 889 hoc
803 850 865 899 sit,
898 849 1125 900 juridicialis
1155 861 1222 887 vo-

87 912 204 945 cetur.

142 959 281 998 XXV.
312 959 470 997 Harum
495 971 697 997 causarum
723 959 878 1011 propria
905 966 1147 1010 argumenta,
1173 972 1220 996 ex

88 1014 135 1054 iis
165 1021 293 1053 sumta
315 1014 409 1053 10015
435 1027 531 1065 quos
556 1014 820 1066 exposuimus,
848 1014 888 1052 in
911 1014 1117 1076 praeceptis·
1136 1026 1222 1052 ora-

88 1069 195 1108 toriis
213 1069 402 1121 explicata
427 1076 529 1107 sunt.
571 1069 772 1107 Refutatio
797 1077 928 1107 autem
955 1068 1219 1114 accusationis,

86 1124 129 1163 in
147 1138 227 1176 qua
245 1131 302 1162 est
319 1123 494 1176 depulsio
513 1123 697 1170 criminis,
726 1126 831 1175 (quae
851 1124 985 1162 Graece
1005 1130 1123 1161 Στασι
1130 1139 1144 1166 ς
1164 1123 1224 1160 (11-

86 1179 202 1227 citur)
223 1178 363 1217 Latine
387 1178 602 1229 appelletur
620 1187 766 1224 status;
796 1179 837 1216 in
857 1191 935 1230 quo
960 1177 1133 1229 primum
1160 1178 1221 1216 in-

87 1233 186 1273 sistit
203 1233 313 1285 quasi
332 1232 382 1271 ad
400 1233 697 1284 repugnandum
717 1246 916 1284 congressa
931 1232 1112 1271 defensio.
1142 1232 1221 1271 At-

88 1302 164 1341 que
183 1288 300 1326 etiam
318 1287 359 1325 in
379 1287 715 1326 deliberationibus
735 1295 772 1326 et
790 1287 1076 1326 laudationibus
1101 1286 1220 1325 iidem

86 1343 276 1381 exsistunt
294 1350 426 1380 status.
469 1342 577 1380 Nam
600 1350 637 1381 et
662 1350 853 1394 negantur
878 1355 978 1393 saepe
1004 1354 1048 1379 ea
1072 1340 1220 1391 futura,

85 1411 175 1450 quae
204 1398 253 1435 ab
284 1397 415 1448 aliquo
444 1396 485 1434 in
511 1397 700 1435 sententia
712 1374 830 1435 edicta
857 1404 947 1435 sunt
975 1396 1070 1441 fore,
1095 1396 1127 1434 si
1153 1405 1221 1435 aut

84 1451 244 1491 omnino
262 1451 345 1490 fieri
363 1464 441 1489 non
456 1460 630 1503 possunt,
647 1459 714 1490 aut
728 1452 809 1490 sine
825 1464 981 1489 summa
994 1450 1220 1489 difficultate

82 1519 162 1546 non
181 1513 353 1558 possunt.
395 1506 445 1544 In
472 1506 552 1558 qua
575 1506 907 1557 argumentatione
932 1514 1053 1544 status
1072 1506 1221 1554 conjec-

81 1561 216 1601 turalis
236 1560 393 1599 exsistit.
434 1560 507 1608 At,
535 1574 625 1599 cum
648 1560 797 1612 aliquid
815 1560 864 1599 de
882 1560 1060 1607 utilitate,
1081 1559 1219 1598 hones-

80 1624 173 1666 tate,
204 1616 385 1667 aequitate
417 1615 627 1663 disseritur,
662 1616 788 1667 deque
817 1615 864 1653 iis
894 1617 1021 1663 rebus,
1055 1627 1143 1666 quae
1171 1614 1219 1653 iis

81 1680 173 1710 sunt
191 1670 415 1716 contrariae,
404 1683 414 1693 ·
445 1670 648 1709 incurrunt
666 1678 787 1709 status
805 1677 874 1708 aut
888 1669 987 1720 juris
1006 1676 1074 1707 aut
1091 1669 1218 1707 nomi-

81 1725 163 1771 nis;
189 1725 294 1788 quod
307 1724 412 1763 idem
426 1725 615 1776 contingit
632 1725 673 1763 in
691 1724 990 1763 laudationibus.
1021 1724 1130 1762 Nam
1149 1731 1219 1762 aut

82 1781 215 1832 negari
243 1787 382 1831 potest,
411 1779 452 1817 id
477 1779 625 1818 factum
653 1793 747 1829 esse,
777 1779 882 1831 quod
908 1778 1114 1823 laudetur3
1150 1787 1218 1816 aut

83 1847 162 1874 non
181 1848 226 1874 eo
250 1834 407 1873 nomine
432 1834 692 1883 afficiendum,
714 1847 792 1886 quo
819 1833 996 1872 laudator
1022 1832 1216 1878 affecerit;

83 1897 151 1928 aut
169 1889 326 1928 omnino
345 1901 424 1928 non
443 1902 522 1928 esse
541 1889 749 1937 laudabile,
771 1888 876 1941 quod
895 1900 973 1926 non
999 1895 1114 1935 recte,
1138 1899 1218 1926 non

81 1945 168 1994 jure
186 1943 332 1982 factum
351 1943 412 1982 sit.
449 1943 606 1991 Quibus
625 1944 806 1982 omnibus
825 1943 1029 1995 generibus
1048 1955 1142 1980 usus
1162 1948 1218 1980 est

85 1998 201 2039 nimis
219 1997 463 2049 impudenter
482 1998 611 2037 Caesar
629 2006 761 2037 eontra
779 1997 968 2037 Catonem
986 2009 1134 2036 meum.

141 2052 218 2093 Sed
241 2066 330 2105 quae
355 2066 404 2091 ex
429 2060 531 2091 statu
558 2053 749 2092 contentio
775 2052 952 2101 efficitur,
977 2064 1064 2090 eam
1091 2051 1219 2089 Graeci

87 2112 290 2157 Κρινομενον
309 2115 456 2146 vocant·
498 2107 604 2146 Mihi
630 2108 756 2159 placet
781 2107 835 2156 id,
856 2106 1041 2159 quoniam
1061 2105 1220 2157 quidem

87 2160 137 2199 ad
155 2168 192 2200 te
210 2161 347 2210 scribo,
376 2165 404 2184 “
426 2162 513 2207 Qud
542 2163 586 2200 de
612 2176 654 2200 re
680 2161 861 2213 agitur,''
883 2161 1020 2201 vocari.
1062 2159 1219 2208 Quibus

83 2223 213 2259 autem
231 2215 317 2266 hoc,
349 2216 437 2262 Qud
459 2218 504 2257 de
524 2230 565 2256 re
588 2219 741 2268 agitur,
768 2217 998 2263 continetur,
1028 2228 1071 2256 ea
1098 2213 1221 2255 contis
