1456 2396
205 97 286 136 260
315 95 399 136 AD
419 95 804 147 HERENNIUM,
824 96 925 136 LIB.
943 95 1019 136 1v.
1040 95 1148 147 cAp.
1163 98 1229 137 55.

198 219 288 258 quae
301 205 509 245 conficiunt
526 206 751 257 hujusmodi
770 205 1100 258 significationem.
1141 206 1206 246 Ea
1223 221 1331 260 repe-

198 261 344 299 rientur
362 261 486 308 facile,
508 261 540 299 si
558 261 777 300 noverimus
793 269 830 300 et
849 260 1232 301 animadverterimus
1246 275 1330 301 ver-

198 315 338 353 borum
357 314 626 367 ancipites'aut
643 316 875 368 multiplices
894 323 1108 367 potestates.
1144 316 1220 355 Per
1238 330 1329 356 oon-

198 369 437 421 sequentiam
463 370 687 422 significatio
711 371 769 418 fit,
797 383 886 409 cum
913 383 985 418 ros,
1006 383 1095 422 quae
1112 379 1328 422 sequuntur

196 423 370 475 aliquam
388 437 485 473 rem,
513 424 707 475 dicuntur,
735 439 783 464 ex
806 425 948 477 quibus
967 432 1047 463 tota
1064 437 1123 463 1·ae
1142 425 1328 478 relinqui-

196 485 261 516 tur
290 478 331 516 in
364 479 590 531 suspicione,
629 488 674 518 ut
711 480 742 518 si
775 478 1051 518 salsamentarii
1081 478 1162 517 filio
1194 480 1322 519 dicas.
1312 496 1322 504 ·

198 535 227 555 “
244 532 408 580 Quiesce
435 543 492 581 tu,
517 536 627 584 cujus
652 542 760 586 pater
786 534 915 573 cubito
941 547 980 572 se
1006 545 1213 585 emungere
1231 536 1327 574 sole—

195 587 288 625 bat.'
293 587 303 604 '
345 588 421 626 Per
445 589 727 637 abscissionem,
756 589 802 636 si,
830 602 921 627 cum
946 587 1153 650 incipimus
1179 588 1328 641 aliquid

195 641 333 690 dicere,
354 643 612 694 praecidimus,
633 651 671 682 et
689 657 737 682 ex
756 656 817 705 eo,
835 642 971 709 quod
956 655 1039 692 Jam
1059 642 1245 692 diximus,
1266 657 1327 682 53-

195 695 243 734 tis
267 697 497 749 relinquitur
522 698 759 750 suspicionis,
789 698 867 737 sic:
902 701 929 721 “
951 696 1034 745 Qui
1052 697 1126 735 ista
1144 697 1271 736 forma
1288 707 1327 738 et

195 758 306 789 aetate
324 764 447 803 nuper
465 752 599 791 alienae
616 752 750 791 domui
769 781 780 791 .
801 780 812 790 .
834 780 844 790 .
866 780 876 790 .
907 752 1013 791 Nolo
1026 751 1141 803 plura
1159 751 1324 791 dicere.''

194 804 271 844 Per
289 806 596 855 similitudinem,
617 820 722 853 cum,
743 808 874 859 aliqua
893 820 933 845 re
948 806 1065 845 51111111
1079 806 1211 854 allata,
1227 807 1327 846 nihil

193 860 361 912 amplius
387 861 564 909 dicimus,
593 861 658 900 sed
685 875 733 900 ex
760 876 806 901 ea
829 861 1103 913 significamus,
1125 861 1220 913 quid
1239 874 1326 901 sen-

193 914 350 963 tiamus,
371 915 443 954 hoc
461 916 602 954 modo:
636 920 664 939 “
682 916 792 964 Noli,
821 916 1041 963 Saturnine,
1069 915 1236 954 nimium
1255 930 1326 968 po-

192 969 277 1019 puli
298 969 514 1021 frequentia
541 971 660 1009 fretus
686 984 776 1009 esse.
819 971 943 1009 Inulti
966 971 1096 1020 jacent
1116 970 1309 1010 Gracchi-⁹
1313 972 1324 989 '

193 1023 292 1062 Haec
312 1034 469 1063 exorna
458 1025 508 1063 „io
513 1025 738 1087 plurimum
753 1025 970 1064 festivitatis
982 1025 1098 1062 habet
1111 1024 1323 1088 interdum,

192 1086 229 1116 et
247 1078 469 1129 dignitatis:
492 1079 582 1118 sinit
601 1081 706 1118 enim
726 1079 927 1132 quiddam,
948 1079 1064 1118 tacito
1081 1087 1243 1128 oratore,
1263 1080 1323 1133 ip-

192 1146 279 1170 sum
299 1133 513 1173 auditorem
532 1134 726 1196 suspicari.

246 1188 422 1226 Brevitas
448 1197 504 1227 est
525 1202 584 1227 res
609 1189 701 1240 ipsis
720 1188 991 1228 tantummodo
1010 1188 1134 1227 verbis
1151 1200 1323 1228 necessa·

190 1241 256 1280 riis
275 1242 467 1293 expedita,
488 1243 560 1282 hoc
590 1243 731 1282 modo:
759 1247 787 1266 “
804 1244 1003 1282 Lemnum
1021 1243 1241 1294 praeteriens
1260 1257 1322 1282 ce-

188 1297 271 1348 pit:
302 1297 392 1336 inde
411 1298 534 1336 Thasi
552 1298 774 1349 praesidium
793 1298 973 1350 reliquit:
1005 1305 1091 1349 post
1116 1299 1252 1336 urbem
1279 1298 1320 1336 in

190 1350 380 1402 Bithynia
399 1353 576 1391 sustulit:
599 1353 689 1391 inde
707 1353 841 1405 pulsus
856 1353 896 1391 in
913 1352 1228 1403 Hellespontum,
1245 1360 1320 1392 sta-

189 1406 261 1444 tim
279 1406 424 1458 potitur
442 1407 629 1458 Abydo.''
671 1409 789 1456 Item,
823 1410 851 1431 ‘⁶
874 1407 999 1446 Modo
1019 1406 1166 1453 oensul,
1195 1419 1321 1458 quon-

189 1461 281 1499 dam
306 1461 498 1508 tribunus,
520 1461 657 1500 deinde
675 1463 824 1514 primus
843 1470 924 1500 erat
948 1461 1152 1500 civitatis.”
1193 1461 1318 1509 Tum,

190 1519 219 1538 “
240 1515 497 1555 Proficiscitur
515 1517 556 1554 in
575 1517 741 1564 Asiam3
773 1517 911 1556 deinde
936 1516 1046 1554 exsul
1072 1524 1109 1554 et
1128 1515 1247 1554 hostis
1266 1525 1322 1556 est

187 1570 338 1616 dictus;
368 1579 454 1622 post
472 1571 692 1623 imperator,
712 1580 905 1623 postremo
929 1571 1062 1610 consul
1081 1570 1203 1609 factus
1221 1572 1320 1609 est.”

189 1625 322 1663 Habet
336 1626 467 1677 paucis
482 1626 755 1678 comprehensa
773 1626 938 1665 brevitas
955 1625 1170 1663 multarum
1189 1638 1319 1664 rerum

187 1679 483 1731 expeditionem.
529 1680 663 1728 Quare
688 1681 906 1719 adhibenda
932 1693 1032 1731 saepe
1051 1687 1120 1726 αεὶ,
1143 1692 1233 1717 611111
1253 1688 1322 1718 aut

186 1747 246 1773 res
264 1746 342 1772 non
362 1743 475 1786 egent
499 1735 626 1787 longae
643 1735 838 1785 orationis,
859 1743 927 1774 aut
951 1743 1105 1786 tempus
1132 1745 1209 1772 non
1229 1734 1320 1774 sinit

187 1801 426 1828 commoran.

223 1843 607 1883 LV.Demonstratio
619 1852 688 1892 est,
699 1858 788 1883 cum
799 1844 854 1883 ita
864 1858 923 1883 res
934 1843 1058 1882 verbis
1071 1842 1315 1894 exprimitur,

186 1906 231 1936 ut
249 1898 331 1949 geri
344 1899 558 1950 negotium,
575 1907 612 1938 et
626 1912 685 1938 1ae
698 1908 786 1938 ante
801 1899 930 1938 oculos
943 1912 1036 1947 aese,
1051 1898 1235 1937 videatur.
1268 1897 1318 1935 Id

186 1951 268 1990 fieri
282 1953 434 2004 poterit,
456 1953 501 1999 si,
523 1967 611 2005 quae
625 1962 727 2001 ante,
749 1962 786 1992 et
805 1962 905 2005 post,
926 1961 963 1991 et
981 1953 1022 1990 in
1042 1953 1126 2004 ipsa
1145 1965 1199 1999 re,
1215 1951 1318 1991 facta

185 2015 312 2055 erunt,
333 2007 715 2060 comprehendemus,
737 2016 804 2047 aut
822 2009 854 2047 si
873 2022 896 2046 a
913 2009 1027 2046 rebus
1052 2006 1317 2058 consequenti-

185 2063 273 2108 bus,
307 2070 375 2100 aut
408 2076 431 2100 a
468 2062 815 2111 circumstantibus,
855 2075 933 2101 non
970 2062 1204 2109 recedemus,
1243 2060 1316 2098 hoc

183 2117 325 2155 modo:
370 2121 398 2140 “
423 2117 543 2165 Quod
575 2118 692 2156 simul
724 2127 841 2170 atque
874 2117 1072 2155 Gracchus
1104 2115 1315 2167 prospexit,

184 2170 370 2210 fluctuare
383 2172 589 2223 populum,
605 2180 814 2218 verentem,
836 2185 884 2210 ne
902 2171 998 2223 ipse,
1018 2170 1241 2210 auctoritate
1259 2182 1316 2207 se-

184 2228 298 2265 natus
324 2235 554 2275 commotus,
581 2241 605 2267 a
631 2227 818 2268 sententia
838 2226 1047 2277 desisteret,
1071 2226 1183 2278 jubet
1200 2223 1317 2265 advo-
