1456 2396
184 64 266 110 276
321 61 810 104 ACADEMICORUM
831 62 933 102 LIB.
953 61 989 102 1.
1009 61 1116 104 CAP·
1136 64 1178 104 9.

181 185 230 211 ne
248 172 353 212 idem
372 173 544 226 quidem,
563 173 656 225 quia
673 150 909 212 continenter
926 172 1159 221 laberentur,
1179 179 1217 212 et
1234 173 1308 212 flu-

182 235 288 265 erent
324 229 466 266 omnia.
514 229 654 279 Itaque
681 227 782 266 hanc
814 239 970 266 omnem
1000 235 1151 279 partem
1178 241 1308 267 rerum

184 282 420 347 opinabilem
440 283 697 334 appellabant.

239 337 446 375 Scientiam
474 345 604 375 autem
630 348 823 388 nusquam
843 348 922 374 esse
941 336 1159 384 censebant,
1178 335 1252 375 nisi
1265 336 1308 375 in

182 390 303 428 animi
333 391 568 430 motionibus
597 400 713 443 atque
745 390 982 429 rationibus:
1014 403 1091 442 qua
1118 389 1166 428 de
1193 391 1308 430 causa

185 443 424 483 definitiones
447 459 576 483 rerum
600 447 840 497 probabant3
871 452 908 482 et
932 444 1001 482 has
1027 444 1076 482 ad
1097 445 1241 492 omnia,
1261 445 1311 484 de

186 499 327 550 quibus
346 499 640 551 disceptabatur,
661 499 906 538 adhibebant.
954 498 1175 537 Verborum
1193 499 1310 538 etiam

183 553 387 604 explicatio
414 555 662 605 probabatur,
692 554 734 591 id
759 562 828 602 est,
850 552 926 604 qua
945 551 992 590 de
1011 553 1125 591 causa
1143 565 1309 605 quaeque

184 616 307 646 oesent
334 608 389 646 ita
415 609 637 654 nominata3
669 621 788 660 quam
818 608 1113 657 Etymologiam
1139 608 1311 659 appella-

183 662 300 700 bant.
291 676 301 685 ·
331 670 417 713 post
431 663 680 714 argumentis,
697 671 734 700 et
753 662 863 714 quasi
876 674 1006 700 rerum
1021 661 1120 699 notis
1131 661 1308 709 ducibus,

182 717 390 754 utebantur
426 716 475 755 ad
510 717 755 769 probandum
789 723 825 754 et
854 715 904 753 ad
933 715 1239 754 concludendum
1268 690 1311 754 id

183 768 289 821 quod
311 771 508 822 explanari
530 772 732 809 volebant.
763 770 804 808 in
832 783 911 821 qua
938 769 1158 808 tradebatur
1183 769 1310 808 omnis

182 823 388 863 dialecticae
406 824 620 877 disciplina,
641 825 682 863 id
701 832 770 873 est,
791 823 971 862 orationis
990 823 1137 862 ratione
1155 824 1310 862 conclu-

182 891 245 916 sae.
287 878 408 928 Huic,
430 879 540 931 quasi
558 892 606 918 ex
625 873 743 917 alte'ra
762 887 883 930 parte,
903 877 1066 916 oratoria
1083 878 1141 916 vis
1159 877 1311 917 dicendi

182 932 451 981 adhibebatur,
472 934 699 985 explicatrix
724 932 903 971 orationis
930 939 1126 983 perpetuae
1150 932 1199 970 ad
1223 945 1309 984 per-

183 986 424 1025 suadendum
454 987 762 1026 accommodatae.
794 987 894 1025 Haec
922 993 1003 1024 erat
1030 986 1106 1024 illis
1133 986 1260 1038 prima
1285 999 1310 1025 a

184 1040 347 1080 Platone
362 1042 525 1088 tradita;
548 1043 658 1091 cujus
677 1053 773 1092 quas
792 1039 1001 1091 acceperim
1016 1040 1308 1091 disputationes,

183 1094 214 1132 si
240 1096 369 1143 vultis,
391 1108 595 1147 exponam.
644 1095 729 1133 Nos
748 1107 836 1133 vero
855 1094 1050 1144 volumus,
1069 1094 1245 1146 inquam,
1265 1101 1310 1134 ut

181 1161 252 1200 pro
270 1149 404 1188 Attico
423 1150 541 1188 etiam
559 1148 822 1200 respondeam.

238 1203 315 1242 IX.
345 1204 401 1242 Et
432 1212 546 1251 recte,
577 1203 718 1255 inquit,
745 1201 976 1255 respondes:
1006 1202 1186 1254 praeclare
1204 1203 1309 1242 enim

182 1258 396 1309 explicatur
410 1258 754 1311 Peripateticorum
772 1266 809 1297 et
826 1256 1053 1296 Aoedemiae
1070 1257 1206 1297 veteris
1219 1271 1310 1298 auc-

183 1312 327 1351 toritas.

236 1367 464 1406 Aristoteles
482 1368 631 1420 primus
650 1367 805 1419 specieS,
833 1379 929 1419 quas
953 1365 1071 1418 paulo
1098 1373 1187 1406 ante
1211 1365 1309 1417 dixi,

183 1421 454 1469 labefactavit3
485 1436 580 1474 quas
603 1422 762 1461 mirifice
789 1421 902 1460 Plato
931 1428 1010 1459 erat
1037 1421 1309 1474 amplexams;

186 1483 229 1513 ut
247 1476 288 1514 in
308 1476 367 1515 his
387 1477 574 1529 quiddam
594 1477 771 1515 divinum
790 1489 870 1515 esse
887 1475 1040 1514 diceret.

240 1530 532 1583 Theophrastus
552 1539 697 1580 autem,
719 1531 825 1569 viret
847 1530 1016 1569 oratione
1034 1528 1175 1579 suavis,
1198 1537 1236 1568 et
1259 1529 1315 1569 ita

183 1594 355 1623 moratus
370 1594 413 1624 ut
428 1599 507 1638 prae
522 1599 560 1624 se
578 1586 809 1637 probitatem
820 1584 1034 1637 quamdam
1048 1591 1085 1623 et
1097 1584 1315 1636 ingenuita-

184 1647 263 1677 tem
292 1638 420 1687 ferret,
452 1641 715 1679 vehementius
741 1640 857 1678 etiam
884 1638 998 1690 fregit
1025 1638 1313 1690 quodammodo

185 1693 450 1732 auctoritatem
470 1695 604 1733 veteris
623 1694 742 1746 discip
743 1694 844 1732 linae.
874 1692 1061 1744 spoliavit
1073 1692 1177 1731 enim
1192 1692 1313 1732 virtu-

184 1755 264 1786 tem
285 1761 353 1786 suo
372 1748 518 1796 decore,
538 1749 850 1800 imbecillamque
868 1746 1047 1795 reddidit,
1068 1746 1174 1799 quod
1196 1759 1313 1800 nega-

185 1801 292 1840 vitin
311 1815 356 1840 ea
375 1803 455 1841 sola
474 1804 644 1855 positum
664 1817 756 1850 esse,
776 1805 886 1842 beate
904 1801 1040 1840 vivere.

239 1856 348 1894 Nam
368 1857 509 1905 Strato,
530 1859 612 1907 ejus
627 1831 792 1905 auditdr,
813 1869 1053 1909 quamquam
1071 1854 1146 1894 fuit
1159 1856 1237 1895 acri
1249 1856 1310 1895 in-

185 1910 312 1961 genio,
344 1918 474 1949 tamen
505 1914 553 1950 ab
585 1926 628 1950 ea
649 1910 849 1963 disciplina
875 1910 1034 1949 omnino
1059 1911 1311 1951 semovendus

186 1973 266 2010 eeu
298 1965 380 2017 qui,
401 1979 491 2004 cum
509 1967 680 2005 maxime
699 1965 948 2005 necessariam
969 1972 1119 2016 partem
1141 1964 1309 2016 philoso-

185 2018 301 2070 phiae,
323 2032 410 2071 quae
428 2021 552 2072 posita
570 2030 625 2059 est
650 2021 691 2059 in
721 2020 860 2059 virtute
889 2028 926 2058 et
950 2019 991 2057 in
1016 2018 1203 2066 moribus,
1223 2019 1311 2058 reli-

186 2073 344 2125 quisset,
366 2082 568 2140 totumque
588 2089 626 2114 se
645 2075 694 2113 ad
712 2074 1043 2126 investigationem
1061 2079 1209 2112 naturae
1222 2086 1312 2113 con-

322 2136 350 2175 t,
370 2128 411 2166 in
426 2142 470 2168 ea
487 2128 570 2181 ipsa
588 2130 803 2182 plurimum
818 2128 974 2167 dissedit
992 2142 1016 2167 a
1033 2127 1123 2167 suis.

241 2182 478 2236 Speusippus
496 2193 626 2225 autem
641 2192 679 2224 et
698 2183 945 2234 Xenocrates,
965 2183 1034 2236 qui
1051 2181 1169 2237 primi
1187 2181 1319 2223 Plato-

1452 176 1456 250 i
