1466 2458
158 128 186 165 8
493 122 758 178 ORATOR,
789 125 896 166 CAP.
917 125 957 165 9.

145 236 336 283 Asiatico,
356 248 492 275 canere
510 236 696 290 coepisset,
716 236 805 290 quis
823 247 916 277 eum
933 234 1052 275 ferret
1063 237 1083 275 ?
1111 243 1181 275 aut
1199 235 1288 289 quis

148 291 278 343 potius
296 303 374 330 non
391 292 546 342 juberet
563 291 706 331 auferri
720 294 739 331 ?

205 345 283 384 IX.
311 346 382 385 Ad
407 346 631 386 Atticorum
650 346 772 399 igitur
788 359 900 386 aures
918 352 1055 386 teretoe
1073 352 1112 384 et
1130 343 1287 397 religio-
1308 364 1312 366 ·

147 413 208 439 sas
234 401 303 454 qui
330 415 369 440 se
395 401 703 451 accommodant,
731 401 759 440 ii
779 408 870 441 sunt
884 400 1132 440 existimandi
1150 400 1286 440 Attice

77 497 83 505 ,
147 454 284 494 dicere.
315 455 499 504 Quonm1
517 469 658 509 genera
676 457 793 509 plura
811 464 927 503 sunt3
949 456 991 494 hi
1006 468 1132 494 unum
1151 454 1286 505 modo,

147 510 263 561 quale
277 510 341 559 sit,
357 511 612 564 suspicantur.
658 511 807 550 Putant
826 511 946 559 enirn,
967 511 1036 564 qui
1056 509 1212 549 horride
1225 509 1286 548 in-

145 565 327 618 culteque
350 565 468 615 dicat,
495 566 613 605 modo
637 565 678 605 id
704 567 899 619 eleganter
924 566 1200 618 enucleateque
1224 564 1285 604 fa-

144 619 234 668 ciat,
251 633 343 659 eum
362 621 489 660 solum
501 621 635 660 Attice
652 620 788 660 dicere.
819 621 979 669 Errant,
1001 620 1107 673 quod
1126 619 1282 666 solum;

145 674 251 726 quod
269 675 416 725 Attice,
437 688 514 715 non
530 675 733 714 falluntur.
771 676 942 715 Istorum
956 675 1062 714 enim
1081 674 1230 725 judicio
1248 675 1282 714 si

144 729 273 769 solum
299 730 399 769 illud
425 738 482 770 est
506 731 703 779 Atticum,
731 743 781 770 ne
808 730 974 769 Pericles
1001 729 1161 782 quidem
1180 729 1286 768 dixit

143 784 291 834 Attice,
308 785 370 824 cui
382 786 520 838 primae
532 786 614 825 sine
629 786 884 824 controversia
899 784 1195 824 deferebantur:
1213 784 1284 837 qui

144 839 177 877 si
202 840 311 878 tenui
337 853 478 892 genere
502 848 688 889 uteretur,
715 852 920 893 nunquam
948 841 998 879 ab
1017 838 1286 892 Aristophane

143 894 260 946 poe'ta
289 894 453 947 fulgere,
485 902 633 943 tonare,
664 895 893 948 permiscere
917 894 1126 941 Graeciam,
1156 893 1284 933 dictus

142 957 250 988 esset.
293 949 411 990 Dicat
435 951 557 1003 igitur
580 950 715 990 Attice
730 950 1023 990 venustissimus
1035 949 1102 988 ille
1121 948 1283 1001 scriptor

141 1017 187 1043 ac
200 1005 467 1056 politissimus,
489 1005 642 1059 Lysias,
659 1005 765 1058 (quis
785 1005 888 1044 enim
903 1005 944 1043 id
958 1004 1078 1057 possit
1089 1016 1231 1056 negare
1245 1005 1283 1052 ἲ)

141 1059 239 1098 dum
257 1060 536 1123 intelligamus,
565 1061 637 1100 hoc
664 1073 744 1100 osse
769 1060 951 1099 Atticum
974 1060 1015 1098 in
1037 1058 1173 1112 Lysia,
1203 1071 1281 1098 non

141 1114 247 1166 quod
277 1115 404 1154 tenuis
430 1116 478 1155 sit
497 1123 614 1168 atque
632 1116 847 1163 inornatus,
875 1114 941 1154 sed
967 1114 1073 1167 quod
1093 1113 1193 1153 nihil
1211 1113 1283 1153 ha-

141 1170 231 1208 beat
248 1169 418 1210 insolens
437 1180 506 1210 aut
523 1171 714 1223 ineptum.
759 1169 910 1210 Ornate
928 1183 1033 1216 vero,
1054 1178 1092 1208 et
1111 1168 1280 1222 graviter

141 1231 179 1263 et
208 1225 359 1278 copiose
389 1225 528 1274 dicere,
562 1234 632 1265 aut
664 1225 888 1265 Atticorum
926 1224 989 1272 sit,
1029 1231 1098 1263 aut
1141 1236 1192 1263 ne
1228 1223 1279 1263 sit

141 1279 362 1329 AEschines,
382 1292 479 1320 neve
500 1281 799 1328 Demosthenes,
819 1280 990 1319 Atticus.

193 1333 297 1374 Ecce
315 1343 446 1374 autem
461 1336 584 1389 aliqui
599 1350 638 1375 se
652 1335 921 1388 Thucydidios
937 1347 1018 1373 esse
1031 1332 1277 1386 profitentur,

139 1402 287 1429 novum
313 1391 512 1443 quoddam
536 1391 807 1443 imperitorum
834 1398 872 1429 et
894 1389 1118 1428 inauditum
1142 1400 1280 1441 genus.

141 1444 265 1494 Nam,
289 1446 359 1499 qui
378 1445 540 1498 Lysiam
561 1453 792 1499 sequuntur,
812 1444 1052 1484 causidicum
1067 1443 1278 1497 quemdam

138 1507 381 1552 sequuntur:
407 1513 486 1540 non
506 1501 619 1540 illum
641 1500 800 1553 quidem
819 1500 999 1553 amplum
1028 1507 1146 1551 atque
1163 1510 1280 1550 gran-

137 1554 244 1605 dem,
276 1556 459 1595 subtilem
480 1565 518 1595 et
537 1557 753 1608 elegantem
773 1563 918 1602 tamen,
944 1561 981 1594 et
1001 1554 1069 1607 qui
1089 1554 1130 1592 in
1149 1553 1272 1592 foren-

136 1609 243 1649 sibus
268 1611 392 1650 causis
416 1611 537 1663 possit
558 1611 740 1663 praeclare
763 1610 979 1650 consistere.
1024 1607 1279 1660 Thucydides

136 1672 269 1704 autem
295 1678 356 1705 res
380 1674 506 1718 gestas
526 1675 564 1705 et
582 1667 685 1705 bella
704 1672 850 1714 narrat,
879 1672 918 1704 et
936 1664 1085 1726 proelia,
1113 1663 1282 1715 graviter

137 1732 243 1770 sane,
274 1727 314 1760 et
338 1722 483 1774 probe:
515 1721 582 1760 sed
609 1721 708 1760 nihil
727 1722 777 1760 ab
796 1733 842 1760 eo
860 1718 1060 1759 transferri
1086 1725 1213 1771 potest
1230 1717 1281 1758 ad

134 1774 329 1815 forensem
355 1789 487 1825 usum,
515 1784 553 1815 ct
579 1776 797 1828 publicum.
843 1774 947 1828 Ipsae
973 1775 1053 1813 illoe
1078 1773 1281 1813 concie-nes

135 1829 191 1869 ita
203 1831 351 1871 multas
368 1831 514 1870 habent
534 1833 714 1870 obscuras
728 1830 958 1894 abditasque
972 1827 1195 1891 sententies,
1212 1827 1280 1867 vix

135 1892 180 1923 ut
198 1885 496 1939 intellig-autum
526 1886 632 1939 quod
658 1894 714 1924 απ
740 1886 782 1924 111
808 1886 982 1925 oratione
1007 1883 1113 1923 civili
1138 1883 1279 1922 vitium

135 1940 196 1979 vel
215 1941 450 1980 maximum.
479 1941 596 2004 ‘Quae
621 1948 677 1980 est
704 1949 836 1980 autem
855 1941 896 1979 in
915 1938 1142 1979 hominibus
1168 1945 1279 1976 tanta

133 1996 376 2046 perversitas,
397 2003 457 2045 ut,
477 1996 544 2035 inv
545 1996 643 2035 entis
662 1995 857 2047 frugibus,
877 1994 1021 2047 glande
1040 2001 1270 2033 vescantur.
1259 1994 1279 2020 ⁹

134 2050 205 2089 An
223 2051 348 2091 victus
365 2050 588 2099 hominum,
609 2051 914 2090 Atheniensium
925 2048 1128 2096 benefida,
1152 2046 1278 2087 excoli

133 2105 277 2157 potuit,
297 2106 420 2146 oratio
439 2119 517 2146 non
531 2105 683 2159 potuit.
674 2108 692 2133 '³
722 2105 824 2154 Quis
839 2118 954 2158 porro
968 2115 1146 2156 unquam
1162 2102 1276 2140 Grae-

133 2173 269 2200 corum
288 2161 488 2201 rhetorum
507 2175 531 2200 a
548 2159 783 2213 Thucydide
801 2160 1020 2222 quidquam
1039 2157 1178 2197 duxit.
1168 2159 1187 2185 ⁹
1216 2156 1279 2195 At

132 2215 314 2255 laudatus
332 2225 390 2256 cst
407 2218 457 2256 ab
478 2216 686 2256 omnibus·
717 2215 862 2254 fateor:
895 2214 962 2254 sed
986 2215 1054 2261 ita,
1081 2219 1127 2251 ut
1145 2222 1277 2251 rerum

133 2269 345 2323 explicator
362 2272 546 2324 prudens,
569 2283 736 2318 severu8‚
763 2270 916 2323 gravis·
904 2299 917 2316 ‚
948 2281 1026 2309 non
1046 2274 1090 2307 ut
1110 2266 1150 2306 in
1167 2264 1281 2317 judi-
