1456 2396
270 80 348 122 DE
377 80 631 130 FINIBUS,
662 81 763 121 Lm.
789 81 848 121 ΙΙ.
879 81 985 121 ΟΑΡ.
1011 80 1075 126 17.
1159 79 1241 119 399

106 190 221 230 illum
238 191 384 240 virum,
403 191 487 244 qui,
517 190 710 244 quidquid
735 190 880 239 fecerit,
901 190 985 243 ipse
1013 202 1054 229 se
1083 188 1241 238 cruciet,

108 246 318 298 omniaque
346 245 553 293 formidet3
584 246 650 285 sed
682 246 815 285 omnia
846 245 983 285 callide
1014 244 1242 284 referentem

110 300 161 339 ad
178 301 401 349 utilitatem,
422 308 596 347 acutum,
617 309 830 346 versutum..
847 307 1113 348 veteratorem,
1132 298 1246 337 facile

108 361 153 393 ut
171 355 374 407 excogitet,
405 368 484 408 quo
510 355 625 394 modo
643 355 804 403 occulte,
825 356 906 394 sine
929 362 1038 403 teste,
1059 354 1142 392 sine
1161 353 1243 391 ullo

108 409 272 459 conscio,
292 409 413 449 fallat.
442 411 512 449 An
531 417 575 448 tu
603 422 668 448 me
687 410 735 449 de
761 410 810 448 11.
828 410 990 450 Tubulo
1008 417 1122 461 putas
1141 408 1244 447 dice-

107 476 149 502 re
163 466 181 503 ?
209 465 293 516 qui,
313 477 404 504 cum
423 472 564 517 praetor
579 464 831 517 quaestionem
850 465 952 503 inter
970 464 1122 503 sicarios
1136 475 1246 501 exer-

108 525 222 568 ceret,
253 519 309 558 ita
327 526 458 571 aperte
477 519 577 571 cepit
595 519 776 571 pecunias
795 521 844 558 ob
864 532 945 558 rem
974 517 1242 569 judicandam,

107 580 153 612 ut
171 585 274 612 anno
291 574 471 626 proximo
492 573 539 611 Ρ.
560 573 744 622 Scaevola,
765 574 942 612 tribunus
970 573 1109 625 plebis,
1128 572 1246 610 ferret

107 627 159 667 ad
176 628 346 680 plebem,
370 628 562 667 vellentne
590 628 638 666 de
669 641 715 666 ea
734 641 774 666 re
805 628 938 680 quaeri
983 629 1076 689 Quo
1102 626 1245 679 plebis·-

107 682 217 745 scito,
238 683 389 722 decreta
413 696 437 722 a
455 690 590 722 senatu
620 690 676 721 est
701 683 848 721 consuli
874 682 1035 734 quaestio
1058 681 1132 720 Cn.
1156 679 1245 720 Cae-

106 737 227 790 pioni.
258 737 458 777 Profectus
490 738 531 776 in
562 737 745 776 exsilium
775 737 959 776 'sPubulu
992 736 1139 785 statim,
1173 748 1245 775 nec

107 791 337 845 respondere
355 806 484 832 ausus.
514 792 612 832 Erat
631 792 735 830 enim
755 805 814 830 res
833 800 976 843 aperta.

163 847 310 886 XVII.
340 848 434 886 Non
464 847 584 900 igitur
614 847 663 885 de
687 847 879 899 improb0,
915 846 980 884 sed
1003 846 1140 885 callide
1169 846 1244 885 im-

108 903 246 955 probo,
276 902 487 955 quaerimus
521 902 666 956 (qualis
706 901 759 950 Q.
788 901 1000 952 Pompeius
1033 902 1072 939 in
1102 901 1243 940 foedere

109 956 359 996 Numantino
370 956 576 996 inficiando
594 955 705 1007 fuit),
718 969 788 995 nec
807 969 895 994 vero
909 955 1040 994 omnia
1057 955 1244 999 timente·

108 1011 192 1060 sed,
224 1012 414 1065 primum,
449 1012 518 1065 qui
561 1011 683 1050 animi
720 1010 991 1050 conscientiam
1010 1023 1087 1050 non
1108 1019 1242 1050 curet·
1230 1039 1243 1057 ‚

108 1079 230 1119 quam
250 1067 393 1106 scilicet
410 1066 663 1119 comprimere
682 1066 780 1104 nihil
800 1074 856 1104 est
876 1065 1031 1117 negotii.
1065 1066 1105 1104 Is
1124 1066 1243 1113 enim,

110 1121 180 1174 qui
198 1122 370 1161 occultus
390 1129 428 1161 et
447 1129 569 1161 tectus
588 1121 742 1170 dicitur,
763 1129 917 1160 tantum
937 1122 1045 1159 abest
1064 1129 1108 1159 ut
1127 1134 1167 1159 se
1185 1121 1246 1158 in-

109 1175 225 1225 dicet,
241 1176 411 1229 perficiet
426 1178 557 1226 etiam,
570 1184 615 1215 ut
634 1176 762 1215 dolere
777 1176 934 1214 alterius
947 1176 1123 1228 improbe
1143 1176 1244 1214 facto

109 1231 309 1270 videatur:
340 1231 437 1284 quid
456 1239 512 1271 est
530 1231 634 1270 enim
655 1231 776 1279 aliud,
795 1245 874 1270 esse
893 1239 1091 1270 versutum
1105 1231 1123 1267 P
1154 1230 1198 1268 M
1206 1243 1246 1269 e-

107 1286 209 1325 mini
227 1299 291 1326 me
309 1286 440 1326 adesse
459 1288 505 1326 Ρ.
527 1286 689 1327 Sextilio
720 1286 842 1334 Rufo,
864 1299 953 1325 cum
973 1286 1006 1324 is
1035 1286 1085 1324 ad
1104 1285 1247 1325 amicos

111 1354 195 1380 rem
224 1341 279 1380 ita
308 1341 487 1390 deferret,
516 1355 556 1381 se
581 1355 660 1380 esse
679 1337 871 1380 haeredem
896 1342 948 1389 Q.
971 1340 1092 1379 Fadio
1112 1341 1160 1379 G·
1152 1341 1244 1389 dlo,

110 1397 223 1447 cujus
236 1396 277 1435 in
296 1404 527 1436 testamento
546 1397 732 1449 scriptum
748 1404 858 1444 osset,
873 1409 912 1434 se
926 1397 975 1434 ab
991 1409 1036 1434 eo
1050 1404 1246 1447 rogatum,

112 1458 159 1489 ut
189 1451 317 1490 omnis
345 1452 547 1491 haereditas
573 1452 622 1490 ad
645 1452 766 1490 filiam
792 1451 1018 1503 perveniret.
1050 1451 1099 1489 Id
1119 1450 1247 1490 Sexti-

110 1506 188 1545 lius
217 1506 365 1545 facturn
384 1508 574 1559 negabat:
606 1513 755 1559 poterat
781 1516 911 1544 autem
939 1506 1127 1558 impune:
1159 1505 1247 1557 quis

111 1561 216 1600 enim
247 1561 492 1613 redargueret
508 1564 526 1601 Ρ
556 1562 687 1600 Nemo
715 1564 888 1600 nostrinn
909 1561 1112 1600 credebat:
1144 1568 1245 1599 erat-

113 1629 191 1668 que
229 1616 488 1663 verisimilius,
525 1616 631 1655 hunc
679 1616 848 1664 mentiri,
887 1617 999 1666 cujus
1035 1616 1245 1664 interesset,

111 1683 233 1723 quam
262 1671 392 1720 illum,
414 1672 484 1724 qui
502 1671 542 1709 id
565 1685 604 1710 se
623 1671 777 1722 rogasse
800 1670 1022 1723 scripsisset,
1055 1671 1160 1723 quod
1179 1670 1247 1709 de-

111 1726 259 1765 buisset
287 1739 434 1779 rogare.
465 1726 651 1766 Addebat
670 1725 802 1774 etiam,
833 1739 886 1774 se,
904 1725 945 1764 in
973 1726 1098 1777 legem
1120 1725 1247 1765 Voco-

110 1780 219 1820 niam
245 1782 436 1832 juratum,
464 1791 597 1821 contra
625 1793 710 1819 eam
739 1780 862 1819 faeere
887 1793 965 1820 non
997 1780 1152 1830 audere,
1173 1780 1248 1819 nisi

114 1835 226 1874 aliter
247 1836 381 1875 amicis
411 1836 615 1876 videretur.
646 1835 871 1874 Aderamus
890 1848 958 1874 nos
977 1836 1136 1888 quidem
1156 1836 1249 1874 ado-

112 1890 311 1939 lescentes,
332 1891 399 1930 sed
418 1899 456 1930 et
473 1891 591 1930 multi
615 1891 845 1943 amplissimi
864 1891 935 1929 viri
951 1904 964 1937 ;
994 1903 1162 1943 quorum
1181 1903 1249 1929 ne-

113 1957 181 1985 mo
197 1945 345 1984 censuit
360 1946 449 1998 plus
465 1946 597 1985 Fadiae
609 1945 798 1994 dandum,
816 1959 935 1998 quam
952 1953 1079 1998 posset
1094 1945 1143 1983 ad
1163 1958 1249 1984 eam

115 2000 201 2052 lege
225 2001 402 2040 Voconia
425 2002 634 2054 pervenire.
666 2001 814 2040 Tenuit
842 2013 1098 2053 permagnam
1120 2001 1249 2039 Sexti-

112 2054 189 2094 lius
214 2055 493 2105 haereditatem,
524 2056 643 2105 unde,
672 2056 703 2095 si
722 2063 875 2094 secutus
894 2063 990 2094 esset
1009 2068 1141 2094 eorum
1163 2068 1249 2094 sen-

111 2111 275 2150 tentiam
301 2110 371 2163 qui
399 2111 564 2150 honesta
595 2118 633 2150 et
651 2119 754 2150 recta
777 2110 1048 2150 emolumentis
1066 2110 1248 2149 omnibus

111 2170 151 2204 et
186 2165 400 2205 commodis
435 2173 725 2218 anteponerent,
764 2177 814 2204 ne
843 2177 1055 2204 nummum
1088 2164 1248 2217 quidem

108 2232 236 2260 unum
255 2219 454 2273 attigisset.
482 2221 596 2261 Num
607 2219 727 2272 igitur
741 2232 832 2259 eum
846 2227 979 2272 postea
995 2232 1123 2260 censes
1134 2219 1251 2259 anxio
