1456 2396
140 62 222 102 386
334 63 414 104 DE
432 65 699 116 ›FINlBUS‚
721 65 822 106 Lm.
837 65 898 106 ΙΙ.
920 64 1029 106 CAP.
1044 65 1085 111 7.

137 178 258 224 atque
288 173 343 213 ibi
376 174 450 215 hoc
479 175 586 222 dicit,
617 176 688 216 ubi
716 176 844 216 omnis
873 177 957 228 ejus
986 182 1044 215 est
1073 173 1196 214 oratio
1225 173 1278 214 de

138 239 295 267 summo
323 231 437 269 bono.
479 230 527 269 In
556 231 633 270 alio
660 245 749 271 vero
775 232 889 278 libro,
918 231 959 270 in
987 243 1081 283 quo,
1109 229 1276 269 breviter

137 283 423 334 comprehensis
455 286 691 337 gravissimis
727 286 939 334 sententiis,
973 285 1085 338 qua-si
1117 283 1275 324 oracula

136 336 300 377 edidisse
318 340 514 391 sapientiae
528 340 681 389 dicitur,
702 342 833 380 scribit
850 341 911 380 his
930 340 1069 387 verbis,
1081 353 1171 392 quae
1182 346 1276 378 nota

140 390 213 429 tibi
247 394 431 445 profect0‚
460 395 674 448 Torquate,
707 405 822 436 sunt:
854 395 942 448 quis
973 395 1079 434 enim
1105 395 1277 434 vestrum

135 457 213 485 non
254 447 408 488 edidicit
446 450 609 503 Epicuri
648 468 766 502 κυςιας
799 451 920 502 δυξας,
955 449 1017 500 [id
1054 457 1125 497 est,
1160 447 1273 501 quassi

137 502 311 542 maxime
330 512 445 553 ratas,
466 505 560 558 quia
577 506 815 558 gravissimae
839 506 916 544 sint
941 504 991 543 ad
1009 505 1121 543 boete
1139 502 1273 542 viven-

136 554 235 594 dum
264 559 430 598 breviter
457 561 667 599 enuntiatae
699 561 896 600 sententiae
910 561 951 613 Ρ]
990 557 1277 597 Animadverte

137 609 272 662 igitur,
289 622 439 653 rectene
461 615 561 655 hanc
586 616 816 655 sententiam
836 616 1075 667 interpreter.
1106 616 1136 636 ‘⁶
1149 612 1193 652 Si
1211 625 1272 659 ea,

136 679 227 717 quae
245 677 337 706 sunt
355 669 562 709 luxuriosis
575 671 777 710 efficientia
791 671 1053 722 voluptatum,
1068 668 1276 707 liberarent

137 732 202 759 eos
222 720 398 762 Deorum
418 732 456 764 et
473 726 608 764 mortis
628 734 665 764 et
684 725 826 764 doloris
851 733 975 773 metu,
1002 723 1275 775 docerentque,

135 775 206 827 qui
225 786 350 817 essent
368 779 462 818 finoe
475 780 733 833 cupiditatum
751 794 764 826 ς
795 780 893 818 nihil
906 780 1153 826 haberemus,
1168 775 1275 830 quod

134 832 531 882 reprehenderemus;
562 848 653 874 cum
684 835 858 888 undique
888 834 1176 886 complerentur
1207 845 1276 871 vo·

134 883 366 938 luptatibus,
396 902 466 929 nec
493 890 679 929 haberent
707 890 790 928 ull&
819 903 867 929 ex
895 897 1004 942 parte
1030 886 1180 941 aliquid
1207 893 1276 926 aut

134 938 283 991 dolens,
303 951 372 982 aut
391 958 554 996 aegrum,
576 945 616 983 id
636 954 691 984 est
711 953 842 984 autem
860 944 1054 983 malum.''

191 995 281 1036 Hoc
300 999 383 1037 loco
403 1013 441 1038 se
462 1008 589 1038 tenere
608 999 785 1038 Triarius
804 1012 881 1038 non
908 999 1048 1052 potuit.
1086 996 1274 1044 Obsecro,

133 1049 279 1103 inquit,
310 1053 524 1106 Torquate,
556 1054 638 1093 haec
664 1055 756 1093 dicit
783 1053 1007 1106 Epicurus?
1041 1052 1146 1107 quod
1176 1052 1276 1092 mihi

135 1106 295 1158 quidem
317 1109 420 1147 u‘sus
447 1117 517 1158 est,
546 1123 636 1148 cum
661 1110 786 1154 sciret,
807 1109 906 1148 velle
931 1117 1063 1148 tamen
1090 1108 1276 1147 confiten-

133 1167 215 1199 tem
234 1163 366 1201 audire
386 1163 647 1216 Torquatum.
677 1164 736 1203 At
756 1164 822 1203 ille
841 1177 918 1203 non
935 1163 1151 1217 pertimuit,
1166 1175 1277 1202 nne-

134 1228 213 1268 que
231 1216 407 1266 fidenter,
431 1219 520 1258 Istis
539 1219 698 1272 quidem
725 1219 819 1272 ipsis
838 1218 978 1266 verbis,
1004 1218 1161 1271 inquit:
1191 1217 1274 1266 ned,

133 1270 231 1322 quid
251 1273 403 1321 sentiat,
418 1286 495 1312 non
517 1274 664 1314 videtis.
695 1274 737 1313 Si
757 1274 834 1313 alia
851 1274 981 1321 mitit,
1000 1273 1180 1326 inquam,
1199 1272 1278 1312 alia

132 1323 321 1378 loquitur,
360 1341 564 1382 nunquam
603 1330 834 1382 intelligam,
873 1328 971 1382 quid
1007 1328 1171 1368 sentiat:
1209 1327 1276 1367 ned

133 1380 251 1432 plane
276 1382 383 1432 dicit,
404 1384 509 1436 quod
530 1385 759 1437 intelligam.
792 1384 919 1438 quue
938 1383 970 1423 si
994 1383 1050 1422 ita
1066 1382 1174 1432 dicit,
1194 1394 1275 1422 non

132 1447 214 1475 esse
252 1439 584 1490 reprehendendos
621 1440 854 1487 luxuriosos,
893 1439 926 1478 si
958 1438 1148 1491 sapientes
1181 1437 1274 1487 sint,

135 1488 229 1530 dicit
243 1493 436 1539 absurde3
468 1495 645 1534 similiter
664 1503 701 1534 et
721 1495 751 1533 si
771 1494 888 1542 dicat,
902 1506 981 1533 non
994 1492 1276 1546 reprehenden-

134 1543 205 1585 dos
226 1548 448 1599 parricidae,
470 1550 501 1588 si
521 1562 590 1589 nec
609 1549 740 1602 cupidi
764 1550 856 1598 sint,
872 1562 943 1588 nec
962 1548 1069 1588 Deos
1082 1555 1276 1597 metuant,

133 1612 204 1640 nec
232 1612 413 1651 mortem,
444 1617 514 1644 nec
541 1605 727 1644 dolorem.
771 1604 826 1644 Et
855 1613 986 1644 tamen
1013 1602 1110 1656 quid
1137 1602 1276 1642 attinet

133 1654 343 1697 luxuriosis
370 1659 493 1699 ullam
520 1660 787 1713 exceptionem
814 1659 920 1709 dare,
944 1668 1013 1698 aut
1039 1658 1185 1711 fingere
1203 1657 1276 1697 nli-

132 1724 246 1763 quos,
264 1713 347 1765 qui,
365 1727 454 1753 cum
475 1715 672 1754 luxuriose
686 1715 875 1761 viverent,
891 1728 916 1753 a
933 1726 1089 1753 summo
1107 1712 1278 1766 philoco-

131 1764 214 1818 pho
233 1779 311 1806 non
331 1769 700 1821 reprehenderentur
712 1784 757 1809 eo
772 1770 943 1817 nomine,
959 1768 1151 1808 duntaxat
1164 1775 1277 1808 mete·

132 1833 177 1859 ra
195 1824 401 1863 caverent?
430 1825 507 1864 Sed
534 1833 664 1865 tamen
691 1838 821 1864 nonne
845 1823 1155 1878 reprehenderes,
1177 1822 1276 1876 Epi-

133 1888 239 1925 cure,
273 1878 493 1919 luxuriosos
524 1882 574 1919 ob
607 1893 694 1920 eam
727 1880 851 1933 ipsam
886 1891 1058 1926 causam,
1088 1877 1194 1931 quod
1221 1877 1277 1917 in

132 1930 319 1983 viverent,
360 1942 405 1974 ut
444 1943 763 1988 persequerentur
802 1932 1100 1987 cujusquemodi
1139 1932 1277 1986 volup-

133 1993 257 2033 tatesz
286 2001 379 2028 cum
398 1999 494 2029 esset
513 1991 741 2043 praesertim,
758 1998 802 2029 ut
816 1990 872 2029 ais
891 1998 950 2038 tu,
966 2001 1123 2028 summa
1137 1987 1275 2040 volup-

132 2047 192 2080 tas
215 2042 314 2083 nihil
335 2044 463 2084 dolere
477 2045 496 2082 ἱ)
524 2045 654 2098 Atqui
685 2045 919 2098 reperiemus
949 2053 1075 2083 asotos
1099 2042 1273 2096 primum

133 2095 189 2134 ita
218 2109 296 2137 non
326 2099 536 2153 religiosos,
565 2109 609 2139 ut
637 2099 754 2140 edant
781 2099 830 2139 de
854 2099 1023 2152 patena:
1053 2097 1193 2137 deinde
1219 2096 1276 2137 ita

133 2160 298 2244 rlnlortem
329 2167 407 2195 non
441 2155 635 2205 timentes,
668 2163 713 2196 ut
741 2154 840 2195 illud
870 2155 911 2194 in
940 2167 1007 2195 ore
1031 2153 1200 2193 habeant
1225 2164 1275 2192 ex

182 2208 356 2258 ymnide,
