1456 2396
221 53 306 93 AD
325 52 707 102 HERENNIUM,
727 53 828 92 Lm.
845 53 921 93 IV.
942 52 1048 92 CAP.
1062 54 1128 92 20.
1171 53 1252 92 229

124 163 236 202 firma
263 162 423 202 facultas
451 162 608 201 oratoris
632 161 819 211 videatur,
846 161 919 200 nisi
946 161 1185 209 sententiam,
1212 168 1252 199 et

121 218 366 265 contrarium,
381 224 417 255 et
429 216 721 264 conclusionem,
742 216 1004 268 frequentibus
1024 217 1153 254 efferat
1166 229 1251 254 ver·

121 274 192 312 bis.
232 271 308 311 Sed
333 278 370 309 et
395 271 487 309 alias
513 284 666 322 quoque
684 283 965 322 nonnunquam
983 283 1061 309 non
1080 271 1249 308 alienum

122 334 192 375 est,
221 326 373 364 tametsi
400 337 548 364 necesse
577 337 654 363 non
681 332 748 373 est,
776 325 904 377 eloqui
925 338 983 363 res
1008 326 1155 376 aliquas
1180 336 1250 376 per

119 380 384 431 hujuscemodi
402 379 713 418 continuationes.

174 435 271 474 XX.
302 434 470 485 Compar
488 433 716 485 appellatur,
738 432 842 484 quod
859 433 1003 472 habet‘
993 447 1033 471 111
1059 447 1098 472 50
1122 445 1248 471 1110111-

119 492 190 529 bra
206 489 399 536 orationis,
420 488 467 526 de
485 488 626 539 quibus
645 495 732 525 ante
756 487 940 536 diximus,
965 501 1052 539 quae
1077 495 1249 526 constent

119 557 167 584 ex
181 544 270 606 upari
288 543 365 581 fere
383 555 542 580 numero
569 542 815 593 syllabarum.
858 542 946 580 Hoc
971 555 1048 579 non
1069 542 1247 580 dinume-

119 599 264 638 ratione
282 597 410 635 nostra
428 596 493 634 fiet
519 600 627 639 (nam
649 596 689 633 id
715 596 872 647 quidem
891 597 1036 647 puerile
1054 604 1125 642 est)
1141 611 1150 633 ε
1182 596 1248 634 sed

117 660 271 692 tantum
290 652 419 690 afferet
437 664 529 689 usus
548 658 585 688 et
603 650 819 689 exercitatio
836 651 1040 697 facultatis,
1064 659 1109 689 ut
1127 650 1247 687 animi

118 707 288 760 quodam
307 719 417 745 sensu
436 718 506 757 par
523 706 743 743 membrum
763 704 946 756 superiori
969 705 1107 743 referre
1127 705 1247 756 possi-

117 775 219 811 mus,
238 762 311 800 hoc
327 760 466 799 modo:
499 762 528 782 “
545 760 593 797 In
619 760 751 810 proelio
774 767 938 797 mortem
964 767 1071 810 pater
1092 767 1248 810 oppete-

116 818 198 865 bat,
231 815 338 854 domi
368 814 470 852 filius
502 813 656 865 nuptias
688 816 959 865 comparabat3
1003 813 1085 851 haec
1116 814 1246 851 onmia

115 884 248 923 gravas
266 883 372 909 casus
391 868 748 906 administrabant.”
789 869 905 915 Item,
929 871 957 890 ‘⁶
970 868 1055 905 Alii
1074 868 1248 906 Fortuna

116 926 335 964 felicitatem
359 923 488 969 dedit,
477 937 487 946 ·
517 923 608 961 huic
632 922 819 961 industria
843 923 1023 960 virtutem
1050 935 1245 974 compara-

114 980 181 1019 vit.
186 980 212 997 ''
253 980 303 1018 In
326 978 399 1016 hoc
423 990 559 1029 genere
585 990 683 1029 saepe
709 977 790 1015 fieri
815 984 950 1028 potest,
971 984 1015 1014 ut
1033 989 1110 1015 non
1129 978 1245 1028 plane

114 1048 185 1087 par
203 1034 251 1072 sit
267 1046 450 1072 numerus
469 1032 719 1084 syllabarum,
741 1039 778 1069 et
799 1040 928 1070 tamen
953 1045 990 1069 es
993 1045 1031 1070 se
1056 1031 1242 1078 videatur,

114 1090 146 1128 si
175 1089 255 1127 una
283 1095 350 1126 aut
375 1087 490 1125 etiam
515 1086 634 1125 altera
660 1086 807 1138 syllaba
830 1094 885 1124 est
909 1086 1137 1124 alterutrum
1158 1087 1244 1124 bre-

115 1144 225 1188 vius;
260 1149 327 1181 aut
355 1141 400 1189 si,
432 1154 521 1180 cum
550 1141 591 1178 in
621 1141 738 1179 altero
765 1141 895 1192 plures
925 1148 1027 1187 sunt,
1053 1141 1093 1178 in
1123 1141 1242 1178 altero

113 1198 278 1249 longior,
298 1203 366 1235 aut
382 1196 584 1247 longiores,
610 1195 771 1247 plenior,
796 1203 862 1233 aut
879 1195 1066 1247 pleniores
1086 1195 1243 1246 syllabae

115 1259 254 1298 erunt3
282 1258 328 1289 ut
344 1250 544 1302 longitudo
563 1258 630 1287 aut
647 1249 846 1301 plenitudo
862 1250 1002 1288 harum
1024 1249 1242 1287 multitudi-

115 1312 206 1345 n'em
224 1305 378 1344 alterius
395 1311 617 1356 assequatur
635 1312 672 1342 et
690 1312 876 1356 exaequet.

166 1361 348 1400 Similiter
370 1359 507 1398 cadens
530 1359 724 1397 exornatio
743 1360 970 1410 appellatur,
995 1372 1098 1406 cum,
1115 1358 1155 1397 in
1175 1358 1238 1397 03-

113 1415 204 1454 dem
235 1414 510 1455 construetione
541 1415 759 1462 verborum,
797 1414 874 1452 duo
909 1422 976 1451 aut
1006 1414 1119 1465 plura
1151 1421 1240 1452 sunt

114 1472 243 1518 verba,
275 1483 362 1521 quae
390 1468 562 1507 similiter
585 1467 719 1506 iisdem
750 1468 897 1507 casibus
926 1468 1142 1515 efferantur,
1167 1468 1241 1506 1100

111 1525 253 1563 modo:
291 1527 319 1547 “
340 1523 553 1561 Hominem
578 1522 712 1560 laudas
734 1530 907 1573 egentem
933 1523 1097 1569 virtutis,
1118 1524 1240 1560 abun-

109 1579 268 1617 dantem
285 1577 514 1617 felicitatis.''
549 1577 665 1625 Item,
687 1579 716 1600 “
733 1577 856 1627 Cujus
875 1577 999 1615 omnis
1016 1577 1057 1615 in
1076 1577 1238 1629 pecunia

107 1647 194 1685 spes
212 1639 281 1681 est,
303 1633 385 1683 ejus
404 1645 427 1670 a
450 1631 634 1683 sapientia
659 1638 714 1670 est
738 1632 889 1669 animus
914 1639 1094 1670 remotus.
1134 1630 1237 1669 Dili-

103 1688 235 1740 gentia
259 1693 453 1739 comparat
477 1686 640 1734 divitias,
669 1686 901 1737 negligentia
926 1686 1135 1738 corrumpit
1153 1686 1235 1724 ani-

101 1754 241 1789 mum3
263 1749 454 1789 ettamen,
468 1754 557 1779 cum
570 1741 625 1779 ita
643 1740 749 1787 vivit,
771 1741 980 1787 neminem,
1000 1755 1079 1793 prae
1094 1754 1145 1789 se,
1162 1740 1233 1778 du-

103 1797 155 1835 cit
178 1796 417 1835 hominem.”
457 1795 641 1834 Similiter
665 1795 839 1834 desinens
861 1803 930 1842 est,
954 1808 1058 1840 curn,
1082 1795 1233 1833 tametsi

101 1864 211 1889 casus
228 1863 306 1889 non
324 1850 456 1889 insunt
472 1850 514 1888 in
528 1850 664 1898 verbis,
684 1858 814 1888 tamen
833 1850 974 1888 similes
990 1850 1114 1888 exitus
1129 1857 1230 1897 sunt,

101 1904 176 1944 hoc
191 1912 327 1957 pacto:
360 1907 388 1928 “
404 1905 588 1956 Turpiter
606 1904 722 1943 audes
740 1904 886 1950 facere3
915 1905 1089 1956 nequiter
1107 1904 1232 1942 studes

101 1959 267 1998 dicere.''
309 1961 338 1982 “
357 1958 468 1998 Vivis
493 1959 702 2004 invidiose3
737 1959 928 2011 delinquis
955 1959 1144 2003 studiose;
1175 1959 1230 1996 lo-

101 2014 230 2066 queris
247 2013 415 2052 odiose.''
457 2014 572 2061 Item,
595 2017 623 2036 ‘⁶
638 2013 836 2052 Audacter
855 2014 1015 2061 territas,
1035 2013 1231 2051 humiliter

101 2069 272 2120 placas.”
303 2068 400 2106 Haec
419 2066 496 2106 duo
510 2081 661 2119 genera,
678 2081 846 2120 quorum
861 2069 1025 2107 alterum
1039 2068 1079 2105 in
1094 2068 1229 2114 exitiis,

99 2122 266 2162 alterum
284 2123 325 2161 in
345 2124 463 2169 cassis,
485 2122 734 2162 similitudine
752 2130 936 2170 versatur,
952 2123 1052 2161 inter
1066 2136 1104 2160 se
1119 2121 1227 2160 vehe-

95 2184 246 2216 menter
263 2177 518 2216 conveniunt:
548 2185 587 2217 et
605 2177 650 2218 ea
669 2191 722 2227 re,
750 2177 810 2218 his
835 2177 904 2230 qui
928 2179 1025 2218 bene
1049 2183 1225 2224 utuntur,

146 2233 345 2282 (Rlaecor.)
377 2242 480 2272 vor..
505 2243 554 2270 11.
869 2245 894 2270 x
