1456 2396
228 61 716 104 ACADEMICORUM
738 61 838 100 Lm.
862 62 895 101 Ι.
913 62 1019 103 CAP.
1037 65 1074 102 8.
1132 65 1184 110 27
1188 66 1216 102 5

86 177 213 223 a'ntur,
234 173 365 212 omnia
382 171 592 211 intervallis
606 171 751 210 moveri
765 185 778 217 3
808 185 895 223 quae
908 171 1108 212 intervalla
1119 173 1213 212 item

84 229 232 268 infinite
252 227 371 266 dividi
388 227 546 279 possint.

136 284 192 322 Et
220 296 309 321 cum
337 282 391 320 ita
418 288 618 319 moveatur
645 280 714 318 illa
741 279 810 327 vis,
837 294 956 332 quarn
985 281 1211 334 qualitatem

81 351 160 376 esse
178 337 363 385 diximus,
385 344 422 375 et
441 348 530 374 cum
555 335 607 373 sic
625 336 727 372 ultro
748 334 918 387 citroque
945 343 1142 382 versetur3
1174 346 1213 375 et

79 392 280 430 materiam
299 391 423 442 ipsam
443 397 563 428 totam
583 389 736 441 penitus
757 390 986 428 commutari
1005 398 1157 441 putant,
1175 399 1211 430 et

78 447 147 484 illa
175 446 286 493 effici,
308 460 395 497 quae
421 445 617 496 appellant
642 444 782 489 Qualia
797 458 810 480 .-
842 457 862 482 e
882 444 1022 495 quibus
1042 446 1082 483 in
1102 446 1211 483 omni

78 501 218 539 natura
251 500 461 539 cohaerente
492 505 529 537 et
561 498 784 537 continuata
812 511 901 536 cum
930 499 1109 537 omnibus
1133 500 1213 538 suis

78 556 251 608 partibus
271 555 448 594 effectum
469 566 547 592 esse
565 553 787 597 mundum;
819 559 927 590 extra
953 567 1070 604 quem
1096 555 1207 592 nulla

77 624 166 662 pars
195 610 364 648 materiae
392 609 454 657 sit,
475 608 707 670 nullumque
735 620 896 658 corpus:
927 614 1054 658 partes
1079 616 1209 646 autem

79 678 159 703 esse
172 664 311 703 mundi
330 664 460 702 omnia
480 676 567 714 quae
586 662 704 700 insint
722 661 763 698 in
783 674 841 709 eo,
863 675 951 713 quae
969 662 1107 700 natura
1127 675 1212 701 sen-

78 719 197 758 tiente
216 726 441 764 teneantur3
472 718 513 755 in
535 731 613 769 qua
632 716 728 755 ratio
743 716 911 767 perfecta
929 715 1033 764 insit,
1055 730 1142 768 quae
1162 717 1212 755 sit

77 773 211 812 eadem
231 774 488 825 sempiterna·
520 772 618 809 nihil
638 771 740 809 enim
761 770 950 808 valentius
970 783 1062 819 esse,
1083 784 1106 808 a
1131 785 1210 822 quo

75 828 259 867 intereat:
303 840 422 879 quam
453 825 533 864 vim
567 826 743 865 animum
775 838 853 863 esse
887 824 1021 862 dicunt
1053 825 1208 873 mundi,

76 882 330 933 eamdemque
349 894 427 920 esse
447 888 619 919 mentem
643 879 948 931 sapientiamque
966 879 1206 930 perfectam3

75 949 194 989 quem
230 935 364 974 Deum
401 936 611 987 appellant,
644 934 900 986 omniumque
937 946 1080 981 rerum,
1121 948 1210 986 quae

74 998 165 1029 sunt
177 990 211 1029 ei
226 992 419 1040 subjectae,
441 990 551 1042 quasi
565 989 811 1041 prudentiam
827 988 1053 1050 quamdam,
1070 1001 1208 1039 procu-

72 1052 223 1084 tantem
251 1045 414 1084 coelestia
436 1045 634 1090 maxime3
664 1042 802 1081 deinde
830 1043 870 1080 in
899 1042 1007 1080 terris
1036 1056 1094 1089 ea,
1119 1056 1208 1094 quae

69 1099 262 1151 pertinent
281 1100 330 1138 ad
343 1099 518 1138 homines
536 1113 547 1144 ;
579 1111 698 1150 quam
710 1097 906 1135 interdum
926 1097 1102 1135 eamdem
1122 1097 1206 1135 Ne-

69 1154 281 1193 cessitatem
297 1154 492 1206 appellant
505 1168 516 1200 3
540 1153 632 1206 quia
646 1152 743 1190 nihil
756 1152 864 1190 aliter
878 1151 1010 1203 possit,
1025 1159 1141 1202 atque
1156 1153 1207 1190 ab

71 1208 116 1247 ea
136 1209 386 1247 constitutum
407 1208 468 1256 sit,
488 1208 588 1246 inter
608 1206 718 1260 quasi
737 1206 895 1244 fatalem
916 1213 952 1244 et
977 1206 1206 1244 immutabi-

70 1263 149 1301 lem
187 1263 514 1302 continuationem
552 1262 695 1301 ordinis
728 1260 977 1312 sempiterni:
1023 1272 1204 1298 nonnun-

69 1331 188 1369 quam
204 1317 361 1381 quidem
376 1316 551 1356 eamdem
564 1317 795 1363 Fortunam,
809 1315 914 1366 quod
927 1314 1063 1352 efficiat
1076 1315 1204 1352 multa

67 1371 277 1424 improvisa
294 1372 389 1420 haec,
410 1383 481 1410 nec
499 1371 655 1423 opinata
673 1370 798 1418 nobis,
819 1376 975 1421 propter
993 1369 1203 1407 obscurita-

69 1433 162 1473 tem,
183 1427 541 1478 ignorationemque
560 1438 774 1464 causarum.

122 1481 249 1520 VIII.
289 1481 424 1520 Tertia
449 1480 587 1519 deinde
613 1478 867 1532 philosophiae
889 1491 992 1530 parS,
1014 1491 1102 1531 quae
1122 1485 1202 1516 erat

65 1535 106 1574 in
125 1535 271 1575 ratione
290 1543 328 1574 et
345 1535 387 1573 in
409 1534 640 1597 disserendo,
669 1534 721 1572 sic
748 1535 984 1572 tractabatur
1010 1535 1059 1571 ab
1084 1533 1201 1571 utris-

65 1604 165 1643 que:
194 1603 435 1642 quamquam
450 1590 611 1628 oriretur
630 1602 653 1627 a
672 1588 858 1636 sensibus,
873 1595 1003 1626 tamen
1023 1599 1101 1625 non
1121 1600 1201 1625 esse

60 1645 254 1697 judicium
268 1643 435 1683 veritatis
449 1644 490 1682 in
510 1643 695 1683 sensibus.
739 1643 920 1681 Mentem
940 1642 1120 1680 volebant
1139 1655 1200 1680 re-

63 1713 153 1739 rum
185 1713 263 1738 esse
289 1698 485 1750 judicem:
519 1699 641 1737 solam
672 1699 876 1736 censebant
908 1697 1102 1745 idoneam,
1136 1696 1198 1734 cui

64 1754 302 1794 crederetur·
335 1753 426 1805 quia
445 1754 525 1791 sola
544 1760 712 1791 cerneret
733 1752 774 1790 id
797 1751 902 1804 quod
925 1764 1076 1802 semper
1102 1759 1199 1789 esset

65 1809 229 1861 simplex
249 1816 286 1847 et
303 1807 540 1857 uniusmodi,
558 1815 596 1846 et
620 1808 710 1855 tale,
733 1807 854 1868 quale·
866 1813 962 1844 esset
979 1820 989 1843 ε
1020 1805 1120 1844 hanc
1138 1805 1197 1842 illi

64 1866 202 1904 Ideam
222 1863 483 1915 appellabant,
506 1863 590 1912 jam
609 1876 632 1900 a
653 1862 816 1900 Platone
843 1861 898 1899 ita
925 1860 1192 1898 nominatam:

63 1931 133 1958 nos
151 1925 251 1957 recte
265 1919 440 1968 Speciem
454 1929 658 1969 possumus
677 1916 813 1954 dicere.

120 1974 261 2013 Sensus
276 1978 406 2011 autem
424 1985 558 2010 omnes
570 1971 724 2010 hebetes
744 1977 782 2009 et
795 1969 923 2008 tardos
939 1982 1018 2008 esse
1034 1968 1197 2007 arbitra-

62 2029 217 2075 bantur,
238 2039 308 2065 nec
325 2026 518 2079 percipere
535 2026 617 2065 ullo
629 2025 745 2064 modo
759 2038 818 2063 res
833 2038 895 2063 eas
910 2037 998 2076 quae
1013 2024 1195 2072 subjectae

62 2083 234 2123 sensibus
252 2080 496 2128 viderentur3
527 2094 615 2133 quae
641 2086 765 2119 essent
793 2086 862 2118 aut
888 2078 944 2117 ita
976 2090 1118 2130 parvae,
1147 2083 1193 2115 ut

61 2139 133 2177 sub
153 2148 308 2176 sensum
327 2135 460 2175 cadere
473 2148 552 2174 non
570 2142 750 2187 possent;
793 2140 861 2172 aut
887 2133 943 2171 ita
969 2131 1131 2170 mobiles
1157 2138 1196 2169 et

59 2191 270 2241 concitatae,
305 2197 350 2230 ut
380 2190 478 2230 nihil
505 2201 681 2243 unquam
709 2201 835 2229 unum
864 2193 960 2228 esset
987 2192 1190 2227 constans·
1177 2214 1192 2232 ‚
