1456 2396
224 64 709 106 ACADEMICORUM
740 65 841 105 Lm.
858 63 918 105 H.
939 63 1045 105 CAP.
1061 63 1099 110 7.
1142 63 1219 104 291

108 185 259 221 nemus,
286 173 607 226 fabricemurque,
635 174 668 213 si
692 187 788 226 opus
815 174 900 223 erit,
919 173 1059 219 verba3
1089 185 1139 211 ne
1162 172 1228 211 hic

109 227 182 266 sibi
201 231 281 271 (me
299 229 518 280 appellabat
533 229 680 278 jocans)
696 229 768 268 hoc
786 228 897 267 licere
914 235 1024 279 putet
1038 227 1119 265 soli.
1150 226 1226 265 Sed

108 288 238 319 tamen
263 282 471 320 orationem
490 282 640 320 nullam
665 286 854 334 putabant
880 282 1124 320 illustriorem
1143 281 1228 332 ipsa

108 334 299 373 evidentia
327 336 483 387 reperiri
515 349 649 387 posse3
691 349 761 375 nec
794 350 850 383 ea,
890 349 977 388 quae
1013 344 1094 373 tam
1125 335 1228 372 clara

108 396 246 436 essent,
274 389 490 428 definienda
515 392 729 428 censebant,
771 390 856 428 Alii
882 399 1010 428 autem
1036 390 1230 440 negabant

107 456 148 480 se
172 456 242 494 pro
259 444 332 482 hac
350 442 540 482 evidentia
559 444 773 496 quidquam
797 444 939 495 priores
964 443 1080 481 fuisse
1105 443 1230 481 dictu-

107 509 195 543 ros,
184 511 195 521 ·
225 498 292 536 sed
310 497 360 535 ad
379 511 437 545 ea,
459 511 547 549 quae
564 506 696 536 contra
718 499 799 536 dice
841 506 945 546 ntur,
966 497 1041 535 dici
1059 504 1232 548 oportere

108 553 326 602 putabant;
356 565 406 590 ne
439 552 507 603 qui
539 552 774 590 fallerentur.
818 552 999 603 Plerique
1031 559 1160 589 tamen
1194 558 1232 589 et

108 604 347 644 definitiones
378 606 551 658 ipsarum
582 607 697 644 etiam
731 606 790 645 evi
818 606 965 644 entium
998 618 1126 643 rerum
1155 617 1234 643 non

108 659 353 711 improbant:
385 668 423 698 et
449 673 530 698 rem
556 660 749 706 idoneam,
777 660 824 698 de
855 674 933 712 qua
963 668 1170 711 quaeratur,
1197 666 1235 698 et

110 713 286 752 homines
304 714 454 765 dignOS,
476 714 706 766 quibuscum
726 714 944 761 disseratur,
964 721 1116 764 putant.

167 767 282 805 Philo
301 776 444 829 autem,
465 768 561 806 dum
576 781 675 807 nova
689 769 867 821 quaedam
883 776 1110 815 commovet,
1128 766 1233 818 quod

111 835 156 860 ea
174 821 357 860 sustinere
376 822 442 860 vix
466 830 628 873 poterat,
649 837 736 875 quae
759 830 890 861 contra
907 821 1233 860 Academicorum

110 876 359 928 pertinaciam
386 876 624 923 dicebantur,
655 886 692 915 et
719 885 848 928 aperte
874 876 1074 922 mentitur,
1106 884 1151 913 ut
1181 882 1237 913 est

109 930 361 981 reprehensus
375 944 399 968 a
417 939 524 982 patre
540 930 706 976 Catulo;
737 939 787 977 et,
802 937 846 968 ut
859 930 990 969 docuit
1001 929 1236 990 Antiochus,

112 984 154 1022 in
173 984 243 1022 id
232 997 361 1036 ipsum
381 998 420 1023 se
438 984 578 1033 induit,
600 985 704 1036 quod
723 985 894 1023 timebat.
932 984 1034 1023 Cum
1062 984 1166 1022 enim
1184 983 1240 1021 ita

113 1047 270 1099 negaret
301 1039 517 1090 quidquam
546 1052 637 1085 esse,
669 1039 773 1091 quod
800 1038 1072 1100 comprehendi
1099 1046 1239 1089 posset,

115 1093 174 1135 (id
193 1093 296 1130 enim
311 1093 491 1131 volumus
505 1106 585 1131 esse
602 1102 743 1136 καταλη
751 1108 836 1130 πτο
840 1101 900 1140 )s1
914 1092 1012 1130 inud
1023 1100 1131 1139 esset,
1145 1092 1243 1130 sicut

115 1146 221 1185 Zeno
233 1146 420 1195 definiret,
430 1148 504 1186 tale
515 1147 642 1185 visum
655 1148 758 1196 (jam
773 1147 876 1185 enim
889 1147 961 1185 hoc
973 1160 1042 1198 pro
1054 1157 1242 1194 φαντασιᾳ

115 1202 276 1239 verbum
291 1202 380 1240 satis
394 1201 569 1240 hesterno
581 1214 754 1241 sermone
766 1202 958 1249 trivimus)
971 1201 1097 1239 visum
1112 1200 1244 1251 igitur,

115 1255 347 1306 impressum
372 1255 618 1307 effictumque
636 1269 685 1294 ex
704 1269 748 1295 eo
773 1256 876 1294 unde
901 1263 1010 1302 esset,
1026 1254 1142 1307 quale
1167 1266 1246 1292 esse

115 1322 194 1347 non
223 1316 350 1361 posset
381 1323 429 1348 ex
449 1323 493 1348 eo
511 1310 615 1348 unde
648 1323 725 1348 non
745 1317 864 1349 esset:
893 1310 934 1348 id
954 1322 1023 1348 nos
1047 1322 1071 1347 a
1090 1309 1246 1346 Zenone

117 1363 323 1402 definitum
342 1364 548 1403 rectissime
567 1364 741 1402 dicimus,
771 1364 855 1412 Qui
875 1364 979 1402 enim
993 1370 1116 1415 potest
1130 1361 1244 1414 quid-

117 1431 238 1469 quam
258 1418 542 1469 comprehendi,
564 1426 608 1456 ut
633 1419 747 1471 plane
766 1418 933 1457 confidas
958 1417 1000 1455 id
1018 1423 1243 1469 perceptum

119 1472 395 1533 cognitumque
421 1486 513 1519 esse,
541 1473 646 1524 quod
671 1481 727 1511 est
753 1473 843 1521 tale,
873 1472 988 1524 quale
1014 1471 1075 1509 vel
1099 1471 1245 1508 falsum

118 1539 199 1564 osse
217 1527 367 1577 possit?
399 1527 486 1565 Hoc
513 1539 602 1565 cum
625 1527 797 1565 infirmat
817 1527 994 1578 tollitque
1015 1525 1145 1570 Philo,
1181 1525 1246 1574 ju-

119 1579 265 1618 dicium
289 1581 390 1618 tollit
414 1581 598 1632 incogniti
628 1590 665 1619 et
691 1581 858 1632 cogniti:
889 1594 937 1619 ex
963 1592 1041 1632 quo
1067 1579 1246 1624 efficitur,

118 1634 217 1672 nihil
236 1647 345 1686 posse
360 1635 643 1687 comprehendi.
675 1635 738 1674 Ita
755 1635 980 1687 imprudens
999 1646 1059 1680 eo,
1076 1645 1153 1685 quo
1171 1631 1248 1670 mi-

120 1688 227 1727 nime
257 1689 355 1737 vult,
386 1689 606 1728 revolvitur.
647 1690 780 1738 Quare
810 1689 934 1728 omnis
964 1688 1084 1726 oratio
1113 1694 1249 1726 contra

121 1742 380 1783 Academiam
405 1743 610 1795 suscipitur
636 1758 660 1783 a
685 1744 808 1790 nobis,
837 1752 881 1782 ut
907 1742 1138 1781 retineamus
1166 1753 1252 1779 eam

123 1796 400 1846 definitionem,
418 1811 539 1850 quam
554 1798 670 1836 Philo
684 1798 806 1837 voluit
820 1805 996 1836 evertere.
1027 1796 1161 1845 Quam
1175 1795 1251 1833 nisi

122 1851 354 1899 obtinemus,
376 1852 520 1903 percipi
539 1852 637 1890 nihil
655 1866 764 1904 posse
771 1851 1094 1914 (1011οε111111113.-ὶᾖ

180 1905 280 1943 VII.
291 1905 524 1944 Ordiamur
514 1908 632 1958 igitur
646 1920 669 1944 a
683 1906 881 1953 sensibus,
903 1918 1069 1958 quorum
1083 1912 1137 1942 ita
1151 1904 1253 1942 clara

122 1959 270 2009 judicia
287 1967 325 1997 et
344 1968 444 1998 certa
456 1969 559 2009 sunt,
574 1969 632 2010 ut,
646 1961 678 1999 si
692 1961 796 2023 optio
810 1969 958 1999 naturae
969 1967 1108 2005 nostrae
1121 1958 1248 2004 detur,

125 2022 165 2052 et
196 2015 245 2051 ab
271 2027 318 2051 ea
339 2013 448 2053 Deus
472 2015 611 2066 aliquis
635 2015 819 2067 requirat,
847 2021 1074 2053 contentane
1100 2012 1149 2051 sit
1174 2011 1253 2050 suis

125 2067 286 2119 integris
312 2068 616 2122 incorruptisque
643 2070 830 2117 sensibus,
850 2081 900 2107 an
924 2067 1091 2120 postulet
1115 2065 1256 2104 melius

129 2121 304 2173 aliquid3
333 2135 413 2161 non
430 2122 597 2172 videam,
620 2124 717 2175 quid
735 2130 883 2176 quaerat
902 2122 1081 2174 amplius.
1111 2120 1256 2171 Neque

130 2189 220 2216 vero
238 2176 312 2217 hoc
334 2177 420 2218 loco
444 2177 744 2231 exspectandum
770 2185 841 2228 oet,
868 2176 966 2216 dum
990 2176 1040 2216 de
1063 2187 1172 2215 remo
1195 2174 1258 2214 in-
