1456 2396
320 357 388 407 M.
423 355 650 406 TULLII
686 354 1062 413 CICERONIS,

675 495 738 524 AD

306 609 1101 679 C.TREBAT1UM,

484 754 924 817 TOPICA.

625 928 776 969 -0—

201 1065 237 1104 I.
268 1063 495 1103 MAJonEs
515 1075 584 1103 nos
610 1077 670 1103 res
695 1064 857 1103 scribere
881 1062 1083 1116 ingressos,
1104 1065 1150 1105 C.
1171 1066 1270 1108 Tre-

145 1121 240 1167 bati,
269 1127 307 1159 et
330 1120 377 1157 iis
405 1119 527 1167 libris,
559 1132 656 1170 quos
685 1120 792 1158 brevi
817 1126 989 1170 tempore
1014 1121 1103 1159 satis
1126 1123 1271 1162 multos

85 1208 89 1210 ,
148 1175 353 1223 edidimus,
373 1173 577 1225 digniores,
599 1187 620 1212 e
638 1187 751 1212 cursu
778 1174 863 1225 ipso
880 1175 1069 1214 revocavit
1093 1176 1272 1216 voluntas

146 1237 227 1268 tua.
264 1229 367 1268 Cum
396 1228 500 1266 enim
527 1240 683 1266 mecum
709 1228 750 1266 in
777 1228 1002 1268 Tusculano
1028 1242 1138 1279 aesoe,
1166 1238 1204 1270 et
1231 1232 1273 1270 in

147 1282 380 1324 bibliotheca
399 1282 604 1334 separatim
622 1290 784 1335 uterque
802 1285 975 1321 nostrum
994 1283 1043 1322 ad
1058 1297 1174 1323 suum
1192 1292 1274 1324 stu-

149 1339 261 1377 dium
291 1337 455 1385 libellos,
491 1349 588 1388 quos
620 1337 748 1386 vellet,
787 1338 990 1386 evolveret,
1029 1337 1195 1378 incidisti
1231 1340 1273 1379 in

150 1392 369 1432 Aristotelis
388 1391 537 1442 Topica
555 1391 750 1442 quaedam,
770 1404 858 1443 quae
883 1400 973 1430 sunt
998 1394 1047 1431 ab
1066 1393 1134 1432 illo
1151 1394 1276 1445 pluri-

152 1449 226 1487 bus
258 1446 367 1485 libris
399 1445 600 1497 explicata.
645 1444 739 1494 Qua
769 1445 1014 1497 inscriptione
1046 1456 1276 1497 conmotus,

152 1501 334 1541 continuo
353 1513 377 1539 a
394 1512 458 1538 me
472 1512 605 1538 eorum
618 1499 807 1538 librorum
825 1501 1053 1539 sententiam
1071 1502 1277 1554 requisisti.

153 1556 288 1606 Quam
306 1555 378 1594 tibi
402 1567 492 1593 cum
519 1554 794 1606 exposuissem,
814 1554 1055 1607 disciplinam
1081 1556 1279 1596 invenien-

154 1611 294 1650 dorum
313 1616 645 1661 argumentorum,
665 1616 724 1657 ut,
746 1609 827 1648 sine
851 1610 932 1648 ullo
952 1622 1089 1659 errore,
1116 1610 1167 1649 ad
1191 1624 1279 1651 eam

154 1666 357 1713 rationem,
386 1663 449 1703 via
476 1663 761 1715 perveniremus
790 1664 840 1703 ab
867 1664 1079 1703 Aristotele
1105 1665 1172 1703 inv
1174 1667 1278 1715 enta,

154 1719 263 1759 libris
286 1719 364 1757 11113
383 1718 594 1764 contineri;
624 1717 836 1757 verecunde
861 1725 905 1757 tu
932 1718 1105 1770 quidem,
1125 1729 1170 1758 ut
1195 1733 1280 1759 om-

155 1775 235 1824 nia,
256 1773 322 1813 sed
346 1780 477 1812 tamen
494 1780 540 1810 ut
564 1772 676 1812 facile
701 1786 894 1812 cernerem
919 1779 958 1811 te
982 1773 1113 1812 ardere
1138 1775 1279 1825 studio,

155 1840 325 1878 mecum,
344 1835 390 1866 ut
413 1827 486 1866 tibi
510 1827 620 1865 illam
644 1827 848 1876 traderem,
869 1827 992 1879 egisti.
1028 1827 1132 1866 Cum
1150 1837 1281 1869 autern

156 1897 229 1935 ego
256 1890 311 1931 te,
342 1894 421 1921 non
450 1889 531 1919 tam
559 1881 706 1920 vitandi
731 1882 874 1921 laboris
900 1882 978 1920 mei
1005 1882 1133 1932 causa,
1162 1896 1283 1935 quam

159 1937 264 1989 quod
292 1936 334 1975 id
362 1936 431 1975 tu‘a
459 1935 639 1975 interesse
662 1936 879 1983 arbitrarer,
900 1936 960 1975 vel
986 1943 1031 1974 ut
1057 1949 1120 1976 eos
1149 1951 1218 1989 per
1245 1947 1285 1977 te

157 1992 240 2044 ipse
257 1992 415 2042 legeres,
431 1990 493 2029 vel
510 1997 555 2029 ut
573 1998 695 2030 totam
713 1991 902 2029 rationem
916 2003 940 2029 a
957 1989 1174 2030 doctissimo
1188 2005 1286 2043 quo-

160 2046 253 2085 dam
278 2045 427 2084 rhetore
454 2044 654 2097 acciperes,
682 2044 855 2084 hortatus
882 2057 1028 2091 essem3
1058 2052 1283 2098 utrumque,

161 2108 208 2139 ut
226 2113 274 2139 ex
293 2106 330 2138 te
349 2099 569 2148 audiebam,
590 2113 629 2138 es
649 2106 838 2151 expertus.
876 2099 952 2138 Sed
978 2112 1001 2137 a
1025 2099 1133 2138 libris
1159 2107 1197 2138 te
1215 2103 1284 2141 ob-

161 2155 319 2196 scuritas
336 2154 478 2206 rejecit.
509 2153 657 2193 Rhetor
682 2160 813 2195 autem
831 2153 896 2194 ille
922 2165 1099 2204 magnus,
1127 2153 1222 2205 haec,
1242 2162 1288 2194 ut
