1456 2396
202 101 684 150 ACADEMICORUM
705 108 803 149 LIB.
821 109 879 148 ΙΙ.
901 109 1005 149 CAP.
1023 111 1083 156 17.
1127 112 1208 150 305

104 217 236 263 sumis,
251 223 309 266 ut,
325 217 356 255 si
375 216 468 268 quid
487 217 548 255 cui
567 217 690 255 simile
709 231 786 256 esse
808 218 937 269 possit,
959 226 1149 271 sequatur,
1165 225 1210 257 ut

103 270 216 309 etiam
236 271 434 308 internosci
453 270 653 308 difficiliter
670 272 786 322 possit
802 274 818 309 ,9
848 272 996 319 deinde,
1017 280 1060 310 ut
1079 285 1127 310 ne
1148 272 1208 309 in-

102 324 261 362 ternosci
285 324 471 375 quidem?
500 331 702 375 postremo,
730 333 773 362 ut
799 325 930 363 eadem
955 326 1060 364 sint?
1090 333 1146 373 ut,
1177 326 1209 363 si

99 377 184 428 lupi
202 377 358 415 canibus
377 377 531 422 similes,
554 377 702 415 eosdem
718 378 816 416 dices
837 378 884 416 ad
899 387 1123 417 extremum.
1153 379 1208 417 Et

99 430 256 481 quidem
274 431 438 469 honestis
457 431 595 468 similia
614 438 702 468 sunt
729 432 905 482 quaedam
932 445 1007 470 non
1034 433 1205 479 honesta,

99 490 136 522 et
154 484 262 522 bonis
287 496 363 522 non
388 486 501 530 bona,
523 492 558 522 et
583 485 788 522 artificiosis
813 485 972 523 minime
997 486 1206 524 artificiosa„

99 537 206 584 Quid
238 537 458 576 dubitamus
489 537 606 588 igitur
635 537 835 586 affirmare,
870 539 967 576 nihil
999 539 1096 577 inter
1127 539 1208 578 haec

96 589 304 630 interesse?
334 592 398 629 Ne
416 591 666 642 repugnantia
685 591 839 643 quidem
860 592 1032 630 videmus
1047 595 1064 630 ?
1094 593 1208 631 Nihil

96 651 152 682 oet
171 644 287 691 enim,
308 645 411 696 quod
430 645 476 682 de
495 658 563 682 suo
589 657 724 695 genere
749 645 789 682 in
815 644 920 682 aliud
939 658 1059 695 genus
1086 653 1208 683 trans-

96 696 185 735 ferri
203 698 332 749 possit.
362 699 433 746 At,
455 699 486 736 si
508 698 728 745 efficeretur,
748 705 792 735 ut
813 698 911 736 inter
930 699 1008 736 visa
1027 699 1204 737 differen-

96 751 194 789 tium
216 764 396 802 generum
424 752 521 789 nihil
547 751 753 798 interesset,
781 752 1032 803 reperirentur
1059 766 1144 803 quae
1170 760 1208 791 et

94 804 135 842 in
164 817 232 843 suo
258 818 393 856 genere
420 812 555 853 essent,
585 813 621 843 et
647 806 688 843 in
715 805 850 843 alieno.
890 805 1007 853 Quod
1033 806 1113 844 fieri
1138 808 1207 858 qui

94 864 217 909 potest
232 861 249 896 ,9

102 927 106 929 ·
148 910 339 949 Omnium
364 912 500 950 deinde
525 912 700 950 inanium
729 912 896 950 visorum
924 925 1003 950 una
1033 912 1207 964 depulsio

94 971 163 1012 ωε,
191 965 267 1003 sive
292 966 358 1003 illa
383 965 607 1017 cogitatione
631 966 886 1004 informantur
905 966 1025 1017 (quod
1043 967 1125 1004 fieri
1148 980 1207 1004 so-

91 1018 169 1055 lere
187 1019 458 1067 concedimus),
479 1020 555 1057 sive
573 1020 613 1057 in
633 1020 772 1071 quiete,
789 1020 866 1057 sive
880 1033 948 1070 per
962 1020 1110 1066 vinum,
1127 1020 1205 1058 sive

91 1084 160 1121 per
179 1072 391 1110 insaniam:
421 1085 512 1111 nam
531 1075 579 1111 ab
598 1073 775 1111 omnibus
794 1073 963 1122 ejusdem
986 1073 1092 1111 modi
1117 1073 1206 1111 visis

90 1126 412 1176 perspicuitatem,
451 1140 569 1178 quam
608 1127 798 1166 mordicus
839 1134 965 1164 tenere
1006 1127 1203 1175 debemus,

91 1180 220 1217 abesse
237 1179 418 1218 dicemus.
455 1181 554 1228 Quis
573 1180 689 1228 enim,
711 1193 800 1219 cum
819 1180 890 1218 sibi
915 1181 1025 1231 fingit
1043 1180 1203 1231 aliquid,

91 1238 128 1269 et
147 1233 370 1283 cogitatione
395 1233 579 1285 depingit,
606 1247 697 1281 non,
726 1234 842 1271 simul
869 1246 911 1271 ac
938 1247 975 1272 se
993 1234 1073 1284 ipse
1102 1246 1205 1271 com-

90 1287 225 1334 movit,
256 1294 370 1338 atque
399 1287 448 1324 ad
473 1301 511 1325 se
540 1287 740 1334 revocavit,
773 1289 898 1334 sentit,
931 1288 1024 1338 quid
1056 1287 1203 1324 intersit

89 1338 187 1377 inter
204 1340 402 1391 perspicua
421 1348 457 1378 et
474 1341 603 1378 inania
616 1343 634 1379 ?
663 1340 811 1378 Eadem
837 1341 932 1378 ratio
958 1347 1013 1378 est
1038 1340 1204 1378 somnio-

90 1405 191 1430 rum.
221 1393 262 1431 N
265 1407 333 1431 um
354 1407 480 1432 censes
498 1394 687 1441 Ennium,
708 1407 796 1432 cum
814 1393 854 1431 in
873 1394 991 1431 hortis
1011 1407 1099 1432 cum
1120 1395 1200 1432 Ser.

90 1446 230 1495 Galba,
252 1447 374 1485 vicino
396 1461 478 1495 suo,
498 1448 779 1493 ambulavisset,
809 1447 961 1494 dixisse,
976 1447 1092 1485 Visus
1115 1460 1200 1485 sum

87 1500 184 1537 mihi
203 1513 292 1538 cum
312 1501 439 1539 Galba
457 1502 653 1540 ambulare
667 1503 685 1540 ?
714 1502 786 1550 At,
803 1514 891 1539 cum
912 1501 1127 1556 somniavit,
1147 1501 1202 1538 ita

87 1554 280 1592 narravit:

140 1629 170 1650 “
189 1628 307 1668 Visus
326 1629 523 1667 Homerus
542 1628 670 1668 adesse
687 1628 843 1680 poeta-’⁹

85 1715 273 1768 Idemque
290 1716 331 1754 in
350 1716 585 1768 Epicharmo
602 1728 615 1762 ;

139 1792 168 1814 “
187 1791 296 1829 Nam
330 1790 485 1828 videbar
528 1789 715 1828 somniare
756 1788 938 1841 [memet]
980 1802 1059 1827 esse
1097 1801 1200 1827 mor-2

298 1844 453 1882 tuum.'‘

85 1933 237 1986 Itaque,
258 1933 373 1972 simul
390 1940 434 1972 ut
453 1933 660 1985 experrecti
678 1945 824 1980 sumus,
845 1931 925 1970 visa
942 1931 1010 1968 illa
1028 1937 1198 1969 contem-

83 1988 213 2026 nimus
228 2001 241 2034 3
269 1999 393 2039 neque
411 1988 464 2025 ita.
481 1987 681 2036 habemus,
697 1994 740 2025 ut
760 1999 804 2025 ea
821 1999 908 2038 quae
926 1985 966 2022 in
982 1985 1063 2022 foro
1081 1984 1198 2034 gessi-

83 2054 184 2080 mus.

139 2094 283 2133 XVII.
311 2094 370 2132 At
403 2094 520 2141 enim,
551 2094 646 2132 dum
679 2093 868 2140 videntur,
902 2091 1033 2130 eadem
1068 2097 1122 2129 est
1153 2089 1194 2127 in

85 2149 227 2188 somnis
246 2147 386 2200 species
403 2148 556 2195 horum,
573 2156 610 2186 et
628 2160 759 2186 eorum
775 2160 861 2197 quae
875 2145 1072 2196 vigilantes
1093 2142 1197 2181 vide-

84 2215 183 2243 mus.
225 2202 445 2242 Plurimum
463 2202 627 2242 interest.
671 2201 746 2240 Sed
751 2200 804 2291 2id
823 2200 1067 2291 ogiittamus:
1097 2196 1195 2237 illud

796 2264 826 2292 D
