1456 2396
158 66 239 106 284
303 60 788 103 ACADEMICORUM
812 60 913 100 LIB.
937 60 998 100 11.
1019 60 1178 102 Car-2.

172 173 372 214 eonsilium
399 179 437 211 et
461 170 664 210 auctoritas
689 170 784 223 quid
809 178 894 209 tum
917 170 959 209 in
983 169 1166 210 maximis
1183 173 1298 213 rebus

173 228 391 282 profuisset,
415 226 593 274 dicerem,
613 225 687 264 nisi
704 225 753 264 de
770 238 834 264 me
851 225 934 277 ipso
952 224 1159 264 dicendum
1177 236 1297 266 esset·
1285 256 1299 274 ‚

174 282 281 335 quod
303 281 377 320 hoc
401 288 572 332 tempore
597 292 675 319 non
700 286 755 318 est
777 292 937 318 neeesse.
978 279 1118 331 Itaque
1141 282 1301 332 privabo

174 337 290 376 illurn
318 336 447 388 potius
471 334 599 373 debito
623 334 854 382 testimonio,
881 346 1000 385 quam
1028 334 1070 372 id
1096 347 1187 373 cum
1213 349 1303 375 mea

174 391 291 430 laude
309 389 602 429 communicem.

234 446 293 484 ΙΙ.
323 444 413 492 Sed,
435 457 521 496 quae
539 443 716 495 populari
734 442 856 494 gloria
877 442 1080 481 decorari
1069 455 1110 481 111
1136 444 1305 484 Lucullo

178 500 409 546 debuerunt,
437 511 482 536 ea
505 497 583 536 fere
601 506 690 536 sunt
710 505 748 535 et
766 497 909 536 Graecis
926 497 1045 535 literis
1064 498 1251 537 celebrata
1269 506 1308 538 et

179 554 344 593 Latinis.
384 553 470 591 Nos
494 560 624 590 autem
649 551 716 589 illa
738 560 906 600 externa,
928 565 1017 590 cum
1035 552 1195 599 multis;
1224 553 1309 592 haec

178 609 371 657 interiora,
405 620 495 646 cum
531 606 676 659 paucis,
714 619 762 644 ex
798 606 881 657 ipso
914 619 1013 658 saepe
1045 607 1307 657 cognovimus.

181 663 337 713 Majore
364 661 467 700 enim
497 661 622 699 studio
648 660 837 698 Lucullus
863 673 953 699 cum
978 660 1086 699 omni
1108 661 1308 700 literarum

182 717 326 769 generi,
360 724 446 754 tum
476 715 741 767 philosophiae,
777 714 926 753 deditus
954 715 1043 764 fuit,
1076 729 1210 767 quam,
1242 715 1311 768 qui

183 772 299 810 illum
323 771 565 822 ignorabant,
595 769 889 807 arbitrabantur.
930 769 1015 808 Nec
1041 783 1129 809 vero
1153 771 1311 809 ineunte

185 833 296 864 aetate
321 825 461 872 solum,
489 824 554 863 sed
580 832 617 862 et
642 836 711 875 pro
738 832 924 875 quaestore
950 824 1098 876 aliquot
1119 838 1253 872 annos,
1274 832 1312 863 et

185 880 228 919 in
256 880 339 932 ipso
368 879 496 925 bello;
530 878 571 916 in
600 892 677 930 quo
704 878 759 915 ita
785 891 929 939 magna
954 878 1009 917 rei
1033 879 1210 918 militaris
1234 892 1314 918 esse

185 934 383 986 occupatio
402 933 509 995 solet,
530 941 575 971 ut
592 945 671 970 non
689 932 860 971 multum
878 933 1099 984 imperatori
1124 935 1196 972 sub
1221 933 1314 985 ipsis

185 989 353 1041 pellibus
371 987 439 1026 otii
457 987 707 1039 relinquatur.
738 986 841 1026 Cum
860 996 1005 1034 autem,
1026 1001 1047 1026 e
1060 988 1237 1040 philosop
1238 988 1313 1035 1115,

186 1043 342 1095 ingenio
375 1041 607 1093 scientiaque
637 1048 838 1092 putaretur
869 1041 1104 1091 Antiochus,
1138 1042 1315 1081 Philonis

188 1097 353 1146 auditor,
375 1096 570 1144 excellere,
591 1108 682 1134 eum
701 1108 831 1133 secum
850 1102 887 1133 et
906 1104 1071 1147 quaestor
1088 1097 1239 1145 habuit,
1264 1104 1335 1145 et,

188 1160 276 1204 post
294 1151 442 1203 aliquot
457 1163 592 1198 annos,
611 1150 830 1201 imperator.
861 1149 1041 1202 Cumque
1060 1159 1156 1190 esset
1173 1165 1219 1190 ea
1237 1164 1320 1190 me-

190 1206 329 1255 moria,
362 1218 481 1257 quam
514 1214 602 1243 ante
634 1203 730 1252 dixi,
770 1217 815 1242 ea
851 1217 951 1255 saepe
987 1204 1177 1244 audiendo
1208 1205 1321 1245 facile

191 1260 385 1312 cognovit,
405 1273 493 1312 quae
510 1259 572 1297 vel
591 1258 708 1297 semel
727 1258 859 1296 audita
879 1258 1100 1298 meminisse
1123 1260 1318 1312 potuisset.

192 1314 468 1354 Delectabatur
498 1322 628 1352 autem
657 1312 817 1351 mirifice
847 1312 1008 1352 lectione
1039 1313 1242 1365 librorum,
1274 1314 1323 1353 de

191 1370 332 1423 quibus
351 1368 542 1408 audiebat.

246 1425 311 1463 Ac
336 1437 466 1462 vereor
490 1421 699 1469 interdum,
723 1434 771 1460 ne
790 1421 928 1461 talium
947 1436 1210 1474 personarum,
1231 1436 1323 1462 cum

193 1479 428 1541 amplificare
464 1478 596 1526 velim,
633 1476 810 1514 minuam
848 1477 963 1515 etiam
999 1478 1174 1528 gloriam.
1222 1479 1324 1518 Sunt

195 1534 300 1572 enim
317 1532 447 1581 multi,
468 1532 536 1583 qui
554 1531 712 1570 omnino
733 1531 886 1570 Graecas
910 1543 988 1570 non
1013 1540 1144 1571 ament
1168 1533 1323 1579 literas3

195 1588 339 1640 plures,
361 1587 428 1638 qui
446 1585 755 1638 philosophiam3
785 1585 937 1637 reliqui,
966 1586 1115 1624 etiamsi
1139 1586 1221 1625 haec
1245 1599 1324 1626 non

196 1642 430 1693 improbent,
451 1650 580 1679 tamen
600 1652 733 1686 earum
752 1652 880 1677 rerum
898 1640 1196 1692 disputationem
1219 1641 1326 1692 prin-

199 1696 348 1748 cipibus
367 1695 527 1734 civitatis
546 1707 623 1733 non
641 1694 695 1732 ita
709 1694 884 1732 decoram
899 1703 1046 1746 putent.
1076 1695 1165 1746 Ego
1178 1703 1324 1744 autem,

200 1763 291 1790 cum
318 1750 470 1788 Graecas
494 1750 622 1787 literas
648 1748 710 1786 M,
732 1748 919 1787 Catonem
943 1749 985 1787 in
1011 1758 1202 1788 senectute
1227 1749 1327 1788 didi-

201 1805 294 1844 cisse
307 1804 539 1855 aoceperim3
565 1803 611 1841 P.
625 1811 755 1841 autem
770 1802 961 1851 Africani,
981 1803 1149 1842 historiae
1162 1804 1327 1856 loquan-

201 1867 279 1907 tur,
310 1858 351 1896 in
377 1858 567 1909 legatione
598 1858 666 1895 illa
695 1857 829 1904 nobili,
860 1870 979 1910 quam
1009 1866 1098 1896 ante
1127 1871 1328 1898 censuram

203 1913 313 1960 obiit,
334 1912 554 1950 Panaetium
573 1924 698 1950 unum
712 1911 870 1950 omnino
888 1912 1069 1950 comitem
1087 1912 1230 1958 fuisse3
1257 1926 1328 1952 nec

201 1967 401 2006 literarum
433 1966 656 2005 Graecarum
693 1978 763 2004 nec
798 1965 1051 2018 philosophiae
1083 1968 1167 2017 jam
1201 1968 1328 2007 ullum

203 2029 398 2060 auctorem
415 2021 580 2072 requiro.

259 2076 411 2121 Restat,
437 2083 482 2113 ut
507 2075 554 2113 iis
579 2074 843 2126 respondeam,
872 2075 940 2127 qui
965 2077 1203 2116 sermonibus
1229 2077 1331 2126 ejus-

205 2130 313 2170 modi
330 2129 455 2168 nolint
472 2141 652 2180 personas
670 2138 751 2167 tam
768 2143 902 2190 graves
919 2129 1084 2181 illigari:
1113 2131 1223 2183 quasi
1242 2144 1330 2170 vero

206 2185 397 2224 clarorum
422 2183 593 2224 'virorum
619 2192 687 2223 aut
707 2184 840 2224 tacitos
863 2197 1086 2237 congressus
1111 2199 1191 2226 esse
1219 2198 1331 2238 opor-
