1456 2396
470 59 704 108 TOPICA,
729 60 834 100 CAP.
861 62 921 101 19.
1213 64 1265 103 89

127 169 270 219 nostra,
297 181 417 223 quam
443 182 531 223 quae
559 170 600 208 in
627 170 792 208 aliorum
820 178 1005 222 potestate
1033 178 1152 217 sunt3
1183 180 1260 210 sta-

127 227 220 267 bilia
237 225 417 272 incertis3
448 238 537 278 quae
563 224 658 277 eripi
684 237 762 263 non
789 234 963 277 possunt,
992 226 1038 264 iis
1065 240 1153 278 quae
1171 240 1260 278 pos-

130 287 233 321 sunt.

180 334 350 375 Affectio
376 341 508 373 autem
538 333 589 372 ad
625 346 684 372 res
721 333 870 386 aliquas
907 342 963 373 est
999 335 1253 384 hujusmodi:

128 389 349 453 principum
385 388 589 428 commoda
632 389 795 438 majora,
837 402 957 440 quam
995 390 1189 441 reliquom
1191 403 1258 428 m:

128 446 313 497 itemque,
347 457 436 495 quae
469 442 714 493 jucundiora,
747 456 835 494 quae
867 443 1045 495 pluribus
1083 446 1258 495 probata,

126 513 216 552 quae
234 500 284 537 ab
309 498 457 550 optimo
487 511 642 549 quoque
661 497 830 536 laudata,
878 498 1029 550 Atque,
1051 507 1095 536 ut
1114 499 1225 537 haec
1215 512 1256 537 m

128 553 413 605 comparatione
444 552 618 599 meliora,
651 552 704 591 sic
733 552 933 601 deteriora,
966 567 1053 605 quae
1083 553 1129 591 iis
1168 561 1259 592 sunt

126 607 327 648 contraria.

181 662 343 702 Parium
365 668 497 700 autem
524 661 758 713 comparatio
784 674 853 700 nec
886 661 1090 700 elationem
1122 661 1253 711 habet,

123 730 196 757 nec
215 716 535 756 submissionem:
567 725 622 754 est
641 716 745 754 enim
765 716 935 768 aequalis.
972 716 1108 754 Multa
1125 726 1256 755 autem

124 779 230 821 sunt,
263 785 352 823 quae
384 771 604 823 aequalitate
633 771 717 823 ipsa
747 779 1042 823 comparentur3
1079 785 1169 822 quae
1202 772 1257 809 ita

122 827 203 866 fere
217 825 520 866 concluduntur:
542 826 584 865 Si
595 825 752 864 consilio
763 827 899 876 juvare
914 826 1027 873 cives,
1045 834 1082 864 et
1094 826 1254 873 auxilie,

122 881 236 934 aequa
260 880 302 919 in
330 880 447 920 laude
475 880 700 932 ponendum
725 890 807 926 est;
851 881 935 932 pari
967 880 1090 932 gloria
1115 881 1255 919 debent

121 949 203 976 esse
226 935 255 974 ii
280 935 349 988 qui
367 935 588 984 consulunt,
616 943 653 974 et
671 935 699 973 ii
714 935 782 987 qui
801 935 1024 974 defendunt.
1056 935 1130 984 At,
1151 935 1256 988 quod

122 991 311 1044 primum,
332 998 389 1030 est
402 1004 414 1028 ι
444 989 549 1043 quod
568 990 754 1042 sequitur,
775 990 905 1042 igitur.

177 1045 354 1085 Perfecta
372 1052 428 1084 est
453 1044 579 1084 omnis
598 1052 915 1096 argumentorum
934 1044 1253 1084 inveniendorum

116 1101 340 1154 praeceptio,
358 1107 418 1148 ut,
439 1112 530 1139 cum
548 1099 740 1152 profectus
759 1100 808 1138 sis
828 1113 851 1138 a
869 1099 1103 1148 definitione,
1125 1114 1148 1138 a
1166 1114 1254 1152 par-

119 1156 270 1203 titione,
291 1168 315 1194 a
333 1154 542 1203 notatione,
570 1167 594 1193 a
612 1155 840 1207 conjugatis,
861 1168 885 1193 a
902 1167 1054 1206 genere,
1072 1168 1095 1192 a
1112 1155 1254 1203 forma,

119 1224 147 1249 a
166 1209 430 1258 similitudine,
451 1222 474 1247 a
492 1209 720 1257 differentia,
742 1223 766 1248 a
784 1210 994 1258 contrariis,
1016 1211 1064 1248 ab
1088 1209 1254 1259 adjunc-

121 1266 185 1315 tis,
199 1278 223 1304 a
240 1264 576 1326 consequentibus,
593 1266 641 1302 ab
656 1264 980 1313 antecedentibus,
997 1278 1020 1302 a
1032 1277 1251 1316 repugnan-

121 1319 241 1369 tibus,
261 1332 286 1358 a
299 1318 435 1367 causis,
456 1320 505 1357 ab
525 1318 680 1367 effectis,
701 1332 724 1357 a
743 1319 1025 1370 comparatione
1040 1320 1249 1368 majorum,

120 1374 332 1422 minorum,
361 1373 530 1435 parium,
561 1373 671 1412 nulla
692 1381 875 1425 praeterea
900 1373 1006 1412 sedes
1031 1373 1250 1425 argumenti

118 1428 330 1482 quaerenda
347 1428 408 1467 sit.

174 1483 297 1522 XIX.
326 1483 418 1531 Sed,
438 1482 624 1545 quoniam
644 1482 700 1521 ita
717 1495 741 1521 a
739 1482 946 1544 ’principio
965 1482 1181 1531 divisimus,
1203 1489 1247 1521 ut

111 1539 218 1579 alios
237 1538 341 1577 locos
364 1538 578 1576 diceremus
602 1537 643 1575 in
670 1551 714 1576 eo
736 1537 833 1590 ipso,
858 1538 906 1576 de
925 1550 1004 1589 quo
1022 1537 1249 1598 ambigitur,

116 1594 262 1634 haerere
280 1592 346 1637 (de
364 1593 507 1654 quibus
526 1592 616 1631 satis
635 1600 691 1631 est
710 1592 890 1641 dictum),
910 1593 1004 1630 alios
1023 1592 1167 1630 assumi
1183 1605 1250 1630 ex-

116 1649 329 1695 trinsecus3
359 1647 435 1686 de‘
425 1647 472 1686 115
496 1660 620 1699 pauca
645 1646 845 1693 dicamus3
876 1647 946 1686 etsi
971 1660 1015 1685 ea
1040 1646 1139 1685 nihil
1164 1660 1249 1685 om-

116 1703 211 1743 nino
239 1703 291 1743 ad
316 1709 458 1742 vestras
483 1702 758 1755 disputationes
783 1702 1001 1754 pertinent;
1032 1701 1098 1740 sed
1116 1709 1247 1740 tamen

114 1764 239 1797 totam
278 1770 362 1797 rem
401 1757 659 1809 perficiamus,
698 1756 1013 1819 quandoquidem
1050 1757 1247 1808 coepimus.

116 1813 261 1866 Neque
279 1812 384 1852 enim
398 1819 442 1850 tu
460 1812 494 1851 is
519 1825 572 1861 es,
593 1825 711 1864 quem
731 1812 843 1860 nihil,
862 1811 937 1850 nisi
952 1812 1016 1861 jus
1036 1811 1160 1860 civile,
1181 1811 1247 1850 de-

112 1867 253 1907 lectet:
283 1874 322 1907 et
339 1867 524 1920 quoniam
543 1866 593 1905 ad
611 1875 649 1906 te
662 1866 765 1906 haec
754 1875 809 1906 lta
823 1867 1055 1913 scribuntur,
1071 1873 1116 1904 ut
1130 1866 1247 1904 etiam

114 1921 159 1961 in
177 1923 342 1962 aliorum
353 1933 492 1961 manus
504 1922 581 1961 sint
593 1929 767 1970 ventura,
783 1921 896 1960 detur
906 1934 1036 1972 opera,
1049 1928 1094 1958 ut
1108 1933 1247 1972 quam-

115 1977 334 2029 plurimum
359 1977 421 2027 iis,
445 1990 542 2029 quos
567 1984 671 2016 recta
688 1975 815 2016 studia
839 1976 1042 2024 delectant,
1069 1975 1247 2027 prodesse

113 2032 318 2084 possimus.

171 2087 270 2127 Haec
289 2100 379 2139 ergo
397 2086 694 2149 argumentatio,
715 2099 802 2138 quae
821 2085 960 2124 dicitur
979 2084 1069 2124 artis
1092 2097 1241 2136 expers,

113 2139 158 2178 in
176 2142 393 2182 testimonio
410 2142 534 2195 posita
556 2150 624 2181 est.
672 2141 960 2180 Testimonium
985 2147 1116 2178 autem
1141 2151 1249 2177 nunc

112 2194 278 2252 dicimus
291 2210 422 2249 omne,
443 2197 548 2250 quod
567 2199 615 2237 ab
633 2193 763 2250 aliqua
782 2210 822 2236 re
841 2195 998 2288 extierna
1017 2194 1183 2234 sumitur
1193 2192 1248 2232 ad

854 2261 870 2288 1
