1456 2396
174 76 258 115 AD
279 72 662 124 HERENNIUM,
679 73 779 112 Lm.
794 73 870 114 IV.
888 72 995 113 CAP.
1011 75 1077 113 45.
1108 76 1183 114 251

68 191 198 223 untur.
227 183 300 232 At,
322 183 390 236 qui
403 183 537 235 patriae
549 182 718 234 pericula
730 195 799 221 suo
811 182 979 234 periculo
992 192 1190 236 expetunt,

67 238 111 276 hi
129 239 314 290 sapient&
328 237 492 290 putandi
511 243 613 285 sunt,
627 249 716 275 cum
736 244 772 274 et
787 249 891 286 eum,
905 251 1021 289 quem
1037 239 1189 287 debent,

68 293 253 331 honorem
289 291 508 344 reipublicae
537 291 718 337 reddunt,
750 298 787 329 et
811 304 881 342 pro
908 293 1040 330 multis
1069 294 1192 345 perire

67 346 233 394 malunt,
254 359 373 398 quam
393 358 482 385 cum
500 345 646 382 multis.
694 344 852 382 Etenim
879 346 1120 386 vehementer
1138 356 1194 386 est

66 400 260 451 iniquum,
292 400 425 445 vitam,
457 411 575 460 quam
604 412 627 436 a
653 399 792 436 natura
820 408 1014 451 acceptam
1038 408 1195 453 propter

65 455 232 506 patriam
251 453 540 500 conservaveris,
567 459 729 501 naturae,
750 465 840 491 cum
866 462 989 504 cogat,
1010 455 1192 516 reddere3

67 508 214 560 patriae,
247 521 337 547 cum
366 515 486 559 roget,
518 518 595 545 non
625 506 739 544 dare.
771 515 822 554 et,
850 520 939 545 cum
962 509 1080 560 possis
1105 523 1196 549 cum

68 575 223 601 summa
247 562 388 601 virtute
419 569 457 599 et
488 561 631 599 hon'ore
654 573 725 612 pro
749 561 873 612 patria
891 562 1058 611 interire,
1079 565 1196 603 malle

67 630 137 669 per
155 616 318 655 dedecus
337 624 375 654 et
401 615 596 676 ignaviam
615 614 765 653 vivere.
797 622 848 664 et,
869 628 959 654 cum
977 630 1046 668 pro
1065 619 1198 657 amicis

69 678 107 710 et
136 670 358 723 parentibus
387 677 424 708 et
450 669 592 708 caeteris
617 669 833 708 necessariis
855 670 959 708 adire
984 672 1198 734 periculum

70 725 177 773 velis,
198 738 268 776 pro
287 722 527 776 republica,
516 736 558 761 ιιι
577 723 656 775 qua
676 731 713 761 et
737 724 820 763 haec
839 732 876 762 et
894 724 992 762 illud
1011 727 1199 765 sanctissi-

70 792 182 817 mum
207 791 347 817 nomen
373 778 506 830 patriae
532 777 788 827 continentur,
808 779 911 817 nolle
931 779 974 816 in
996 779 1199 819 discrimen

69 834 208 872 venire.
239 832 393 884 Itaque,
421 831 480 870 uti
505 832 805 871 contemnendus
832 841 899 879 est,
932 833 1013 884 qui,
1033 834 1074 872 in
1093 835 1200 873 naxi-

69 887 211 939 gando,
241 900 280 925 se
298 899 418 939 quam
442 886 574 924 navim
595 886 746 924 mavult
770 886 1032 934 incolumem3
1062 889 1116 927 ita
1145 890 1201 927 vi-

69 941 318 993 tuperandus,
340 941 422 993 qui,
448 940 490 978 in
515 939 734 991 reipublicae
752 940 983 990 discrimine,
1009 956 1088 981 suae
1111 944 1201 995 plus

69 1009 190 1048 quam
216 995 414 1035 communi
440 995 554 1034 saluti
579 994 753 1033 consulit.
796 996 908 1035 Nave
933 996 1037 1034 enim
1062 997 1198 1046 fracta,

70 1050 186 1088 multi
204 1050 414 1089 incolumes
433 1056 657 1088 evaserunt:
689 1062 736 1087 ex
756 1050 957 1101 naufragio
975 1052 1109 1102 patriae
1127 1052 1202 1090 sal-

71 1118 142 1143 vus
171 1117 284 1143 nemo
310 1110 434 1155 potest
459 1110 623 1142 enatare.
664 1102 783 1151 Quod
806 1105 904 1142 mihi
929 1107 1026 1144 bene
1054 1106 1203 1144 videtur

72 1158 216 1198 Decius
242 1158 487 1206 intellexisse,
515 1156 584 1210 qui
611 1171 652 1196 se
675 1157 869 1197 devovisse
894 1159 1047 1207 dicitur,
1069 1168 1106 1199 et
1131 1174 1202 1222 pro

72 1213 288 1264 legionibus
312 1212 354 1250 in
379 1213 505 1251 hostes
532 1211 734 1250 immisisse
752 1213 923 1252 medios.
953 1214 1056 1253 unde
1075 1215 1203 1254 amisit

72 1267 218 1313 vitam3
240 1274 279 1305 at
298 1279 375 1304 non
393 1266 585 1318 perdidit.
607 1279 648 1305 re
667 1266 771 1304 enim
790 1267 973 1306 vilissima
992 1276 1148 1317 certam,
1166 1277 1204 1308 et

72 1335 191 1373 parva
208 1320 448 1382 maximam,
456 1320 630 1359 redemit.
659 1320 780 1359 Dedit
804 1323 938 1369 vitam,
967 1324 1110 1375 accepit
1134 1337 1203 1375 pa-

72 1376 212 1422 triam,
202 1390 211 1400 ·
243 1375 369 1414 amisit
388 1375 572 1423 animam,
592 1375 736 1426 potitus
754 1382 810 1414 est
828 1375 961 1428 gloria,
983 1391 1084 1428 quae,
1114 1391 1204 1416 cum

73 1443 227 1469 summa
244 1430 359 1468 laude
377 1429 541 1491 prodita,
565 1436 752 1468 vetustate
778 1431 948 1482 quotidie
973 1432 1096 1483 magis
1122 1431 1203 1470 eni-

73 1485 193 1523 tescit.
226 1484 344 1533 Quod
363 1484 408 1532 si,
429 1496 498 1535 pro
517 1483 715 1535 republica
733 1484 869 1524 debere
887 1485 1062 1524 accedere
1074 1486 1123 1524 ad
1137 1500 1204 1538 pe-

73 1539 254 1586 riculum,
287 1544 325 1576 et
351 1537 496 1576 ratione
526 1537 830 1577 demonstratum
858 1546 927 1587 est,
960 1547 997 1577 et
1025 1542 1204 1592 exemplo

75 1595 381 1645 comprobatum,
429 1592 457 1630 ιι
500 1592 686 1644 sapientes
718 1601 808 1631 sunt
846 1593 1104 1641 existimandi,
1137 1595 1206 1647 qui

74 1648 230 1686 nullum
248 1660 318 1698 pro
337 1646 459 1685 salute
477 1647 611 1698 patriae
629 1646 844 1698 periculum
863 1647 1027 1686 vitant.'
1071 1649 1121 1686 In
1146 1650 1206 1687 his

74 1702 194 1753 igitur
211 1701 414 1753 generibus
434 1699 617 1752 expolitio
636 1708 820 1747 versatur,
848 1701 895 1740 de
921 1716 999 1754 qua
1028 1703 1206 1754 producti

78 1769 226 1804 sumus,
256 1763 301 1794 ut
325 1756 439 1808 plura
466 1755 692 1803 diceremus,
720 1756 824 1807 quod
852 1768 930 1794 non
957 1757 1086 1805 modo,
1117 1771 1207 1796 cum

78 1824 234 1849 causam
260 1810 435 1858 dicimus,
460 1809 619 1860 adjuvat
645 1816 682 1848 et
706 1817 864 1848 exornat
891 1811 1114 1859 orationem,
1143 1812 1209 1851 sed

77 1865 204 1903 multo
235 1864 406 1903 maxime
438 1877 508 1916 per
534 1876 620 1902 eam
653 1877 874 1902 exercemur
904 1865 953 1903 ad
987 1866 1209 1905 elocutionis

79 1919 314 1958 facultatem.
363 1918 497 1966 Quare
522 1917 719 1957 conveniet
741 1927 848 1956 extra
867 1932 1020 1957 causam
1040 1920 1081 1957 in
1101 1934 1209 1959 exer-

81 1973 201 2012 cendo
226 1973 390 2011 rationes
419 1972 599 2011 adhibere
620 1972 874 2024 expolitionis,
898 1973 938 2010 in
958 1973 1118 2012 dicendo
1136 1975 1208 2024 uti,

81 2041 172 2067 cum
192 2027 463 2066 exornabimus
482 2027 870 2079 argumentationem,
884 2027 932 2066 de
950 2028 1028 2080 qua
1040 2028 1210 2068 diximus

81 2082 123 2120 in
141 2081 240 2120 libro
260 2081 438 2119 secundo.

135 2135 270 2175 XLV.
300 2135 562 2174 Commoratio
582 2142 651 2184 est,
680 2148 770 2174 cum
798 2135 839 2174 in
864 2136 948 2174 loco
977 2135 1209 2185 firmissimo,

83 2203 163 2243 quo
181 2196 260 2230 tota
278 2203 392 2230 eausa
411 2189 640 2239 continetur,
656 2197 834 2230 manetur
852 2189 1009 2239 diutius,
1023 2198 1060 2230 et
1080 2191 1213 2230 eodem
