1466 2458
237 88 285 126 14
551 87 816 137 ORATOR,
844 87 954 127 CAP.
978 87 1043 126 16.

238 195 345 236 enim
377 209 541 249 semper,
579 209 650 236 nec
682 197 724 236 in
757 197 940 236 omnibus
971 197 1111 246 causis,
1149 208 1200 236 ex
1230 194 1369 236 iisdem

219 251 375 290 ‘eadem
393 259 712 304 argumentorum
730 259 929 292 momenta
945 259 1048 291 sunt.

293 306 500 346 Judicium
531 306 651 359 igitur
683 306 906 353 adhibebit3
941 319 1012 346 nec
1043 305 1214 344 inveniet
1244 304 1373 349 solum

240 360 337 413 quid
355 360 471 409 dicat,
487 361 553 400 sed
572 361 689 400 etiam
709 362 910 414 expendet.
941 361 1056 400 Nihil
1075 360 1181 400 enim
1199 366 1257 399 est
1273 358 1374 399 fera-

239 416 322 455 cius
346 415 525 468 ingeniis,
550 415 597 455 iis
623 416 849 470 praesertim,
877 430 965 469 quae
983 414 1196 468 disciplinis
1220 413 1374 454 exmlta

242 477 346 509 sunt.
376 470 466 521 Sed,
487 479 533 510 ut
551 478 695 523 segetes
719 471 894 510 fecundae
913 479 951 510 et
969 472 1120 520 uberes,
1140 481 1220 508 non
1244 468 1373 508 solum

242 525 387 577 fruges,
417 539 552 564 verum
571 525 708 564 herbas
727 525 843 564 etiam
863 525 1101 564 effundunt
1090 523 1374 567 minacissimae

243 579 448 632 frugibus3
478 581 531 619 sic
557 580 753 619 interdum
773 594 821 619 ex
839 581 916 619 11113
934 579 1041 628 locis,
1063 587 1131 619 aut
1147 578 1250 618 levia
1266 591 1375 631 quae-

244 634 352 683 (1331,
379 642 448 674 aut
473 636 596 675 causis
622 635 760 682 aliena,
787 643 855 674 aut
881 648 958 674 non
984 609 1110 682 utilia,
1130 633 1373 686 gignuntur·

243 702 412 742 quorum
432 691 481 728 ab
501 690 659 729 oraton‘s
674 689 820 740 judicio
839 690 1008 729 delectus
1020 701 1193 752 magnus
1215 687 1376 728 adhibe·

244 745 362 783 bitur.
391 745 571 797 Alioqui,
599 758 771 827 quonam
793 745 910 783 modo
934 744 1028 783 ille
1018 757 1060 783 ιιι
1078 743 1190 783 bonis
1214 742 1376 782 haerebit

244 807 283 838 et
301 799 493 838 habitabit
511 800 622 838 suis?
651 808 720 838 aut
744 800 892 838 molliet
919 799 1030 848 dura,
1057 806 1126 838 aut
1150 797 1374 847 occultabit,

247 867 336 906 quae
361 853 459 893 dilui
483 867 561 893 non
588 862 783 906 poterunt,
805 863 921 906 atque
939 854 1098 893 omnino
1117 852 1323 906 opprimet,
1343 851 1376 900 31

246 908 391 956 licebit,
412 916 480 947 aut
499 909 662 948 abducet
676 909 857 948 animos.
879 917 947 948 aut
965 908 1073 947 aliud
1087 907 1234 957 afferet,
1253 905 1375 961 quod,

248 964 485 1016 oppositum,
512 964 751 1016 probabilius
770 964 832 1014 sit,
854 977 974 1017 quam
991 963 1106 1014 illud,
1126 961 1234 1016 quod
1249 963 1380 1003 obsta-

248 1018 330 1058 bit.
321 1021 338 1046 ⁹

303 1073 399 1113 Jam
426 1086 514 1112 vero
540 1087 598 1121 ea,
627 1087 715 1126 quae
740 1073 941 1125 invenerit,
970 1087 1050 1127 qua
1074 1071 1277 1125 diligentia
1300 1072 1382 1112 col-

247 1129 420 1167 locabit?
450 1129 635 1180 quoniam
654 1128 695 1166 id
714 1129 926 1168 secundum
946 1137 1026 1168 erat
1044 1128 1092 1167 de
1110 1128 1247 1167 tribus.
1279 1126 1381 1170 Ves-

248 1183 374 1222 tibula
392 1182 578 1222 nimirum
597 1183 771 1232 honesta,
799 1184 1004 1250 aditusque
1022 1183 1072 1222 ad
1090 1195 1248 1222 causam
1265 1181 1383 1222 faciet

247 1238 441 1277 illustres.
472 1251 640 1290 cumque
665 1239 815 1277 animos
838 1239 966 1291 prima
995 1238 1238 1291 aggressione
1266 1249 1381 1276 occu-

251 1292 413 1346 paverit,
429 1292 656 1341 infirmabit,
673 1293 928 1347 excludetque
942 1293 1157 1339 contrariu
1178 1291 1382 1332 defirmis·

251 1347 359 1386 simis
377 1347 454 1386 alia
472 1348 599 1399 prima
617 1355 746 1409 ponet,
768 1349 844 1387 3113
862 1357 1069 1401 postrema,
1096 1346 1384 1399 inculcabitque

251 1402 407 1442 leviora.
447 1402 583 1454 Atque
612 1403 653 1440 in
683 1403 819 1464 primis
849 1403 1001 1442 duabus
1026 1402 1179 1442 dicendi
1206 1401 1384 1454 pastibus

252 1457 379 1510 qualis
398 1465 508 1504 esset,
528 1458 754 1496 summatim
773 1458 964 1511 breviterq
966 1471 1014 1497 ue
1032 1457 1315 1519 descripsimus.

309 1511 431 1551 XVI.
460 1511 551 1559 Sed,
583 1520 627 1550 ut
656 1521 745 1551 ante
775 1513 923 1552 dictum
939 1473 1024 1561 qest,
1054 1512 1096 1551 in
1122 1511 1183 1550 his
1207 1510 1386 1564 panibus

254 1566 342 1610 (etsi
359 1580 494 1618 graues
512 1575 629 1620 atque
646 1580 801 1620 magnae
819 1576 927 1617 sunt)
945 1567 1077 1606 minus
1099 1574 1138 1605 et
1158 1566 1252 1605 artis
1269 1573 1327 1605 est
1344 1573 1384 1605 et

253 1621 407 1660 laboris.
449 1621 552 1660 Cum
579 1631 725 1670 autem,
752 1622 848 1676 quid
870 1630 908 1662 et
932 1635 1011 1675 quo
1036 1622 1121 1661 loco
1139 1619 1287 1670 dicat,
1275 1633 1385 1661 mve-

255 1676 369 1724 nerit,
398 1676 498 1714 illud
530 1685 586 1715 est
616 1677 733 1729 longe
763 1677 1000 1725 1333113331,
1033 1675 1177 1725 videre,
1211 1687 1384 1728 quonam

254 1730 384 1770 modo.
425 1731 574 1770 Scitum
599 1740 655 1770 est
679 1731 848 1784 enim,q
848 1731 926 1772 uod
945 1730 1162 1771 Carneades
1179 1737 1308 1770 noster
1325 1729 1385 1769 di-

256 1798 341 1824 cere
366 1785 525 1833 solebat,
555 1786 845 1826 Clitomachum
874 1786 1008 1826 eadem
1035 1785 1174 1834 dicere,
1195 1784 1386 1825 Charma-

259 1840 352 1879 dam
377 1848 509 1879 autem
535 1841 669 1879 eodem
695 1842 811 1880 etiam
837 1841 954 1881 modo
980 1841 1115 1880 dicere.
1156 1838 1277 1889 Quod
1294 1839 1326 1878 si
1345 1838 1386 1878 13

257 1894 503 1948 philosophia
528 1903 682 1935 tantum
710 1896 881 1944 interest,
911 1894 1244 1949 quemadmodum
1269 1893 1388 1941 dieas„

260 1950 330 1989 ubi
349 1963 408 1989 res
431 1958 638 2002 spectatur,
666 1963 744 1989 non
770 1953 886 1992 verba
910 1951 1160 2004 penduntur3
1190 1947 1288 2002 quid
1304 1955 1391 1989 tnn-

260 2003 381 2043 dem
371 2017 412 2043 m
431 2004 553 2044 causis
573 2005 874 2046 existimandum
893 2014 964 2056 est,
983 2005 1126 2059 quibus
1151 2004 1242 2043 totis
1258 2003 1392 2049 mode-

262 2067 371 2098 ratur
388 2059 541 2099 oratio?

318 2113 438 2163 Quod
451 2113 609 2177 quidem
625 2128 709 2168 ego,
724 2116 862 2165 Brute,
878 2129 926 2155 ex
941 2114 1018 2154 tuis
1031 2113 1152 2154 literis
1163 2111 1392 2161 sentiebam,

267 2181 345 2209 303
361 2176 399 2209 te
412 2168 453 2209 id
467 2169 606 2218 scitari,
628 2171 785 2223 qualem
805 2184 876 2225 ego
895 2171 937 2212 13
955 2168 1185 2211 inveniendo
1203 2175 1243 2209 et
1259 2166 1301 2208 in
1318 2167 1396 2210 eol-
