1456 2396
245 141 321 181 196
349 140 430 180 AD
451 139 828 189 HERENNI'UM,
850 141 949 180 Lm.
967 140 1050 181 111.
1071 141 1177 182 CAP.
1193 144 1232 183 9.

241 248 495 300 dispositione,
524 249 846 300 quemadmodum
875 249 923 287 sit
950 249 1142 288 tractanda
1168 249 1352 302 tripertita

241 303 374 341 divisio
392 303 515 341 laudis
537 311 574 341 et
597 303 893 355 vituperationis,
914 303 945 341 si
961 304 1057 342 illud
1075 304 1188 342 etiam
1207 317 1351 343 assum-

243 356 414 404 serimus,
443 369 519 395 non
544 369 691 395 necesse
714 370 791 395 esse
820 368 888 394 nos
911 369 1041 396 omnae
1065 358 1134 396 has
1163 365 1286 408 partes
1310 358 1350 395 in

243 410 395 448 laudem
409 418 476 447 aut
490 411 800 461 vituperationem
815 410 1025 457 transferre,
1039 418 1236 462 propterea
1249 411 1351 462 quod

241 476 340 514 saepe
358 476 405 501 ne
419 464 590 501 incidunt
603 464 757 515 quidem
771 478 783 509 3
811 477 909 515 saepe
923 464 976 502 ita
989 464 1152 502 tenuiter
1163 463 1349 511 incidunt,

241 524 285 554 ut
304 529 380 555 non
399 517 474 555 sint
490 517 702 555 necessariae
719 518 846 555 dictu:
877 525 1106 569 quapropter
1129 531 1190 556 eas
1211 524 1349 570 partes,

242 583 330 621 quae
354 571 578 608 firmissimae
597 571 838 618 videbuntur,
864 571 987 622 legere
1010 572 1206 622 oportebit.
1249 571 1352 610 Con-

241 624 471 662 clusionibus
484 624 659 662 brevibus
670 632 834 671 utemur,
851 625 1131 663 enumeratione
1143 625 1192 663 ad
1205 625 1352 663 exitum

242 690 387 716 causae:
408 678 449 716 in
466 678 549 729 ipsa
567 679 679 716 causa
692 679 838 716 crebras
852 686 889 716 et
901 680 1031 716 breves
1044 678 1352 730 amplificationes

242 731 523 783 interponemus
547 745 613 782 per
641 732 742 770 locos
766 744 996 770 communes.
1026 732 1110 770 Nec
1137 732 1209 770 hoc
1232 743 1353 782 genus

241 797 377 833 causae,
399 798 441 823 eo
459 785 562 836 quod
581 798 664 823 raro
682 785 815 823 accidit
832 785 871 823 in
891 785 984 834 vita,
1000 785 1255 836 negligentius
1264 797 1352 823 oon-

242 838 483 876 siderandum
506 846 571 876 est.
615 840 753 889 Neque
778 839 879 876 enim
904 839 958 887 id,
985 839 1088 890 quod
1112 846 1235 890 potest
1257 838 1352 877 acci-

241 892 342 939 dere,
363 900 406 930 ut
429 892 645 930 faciendum
669 894 717 930 sit
741 893 958 943 aliquando,
983 905 1061 931 non
1086 899 1232 944 oportet
1255 892 1352 931 velle

242 959 360 996 quarn
385 946 686 984 commodissime
710 960 816 997 posse
840 946 971 984 facere.
1000 946 1068 994 Et,
1094 947 1126 985 si
1150 945 1352 997 separatim

242 999 323 1037 haec
347 1013 457 1038 causa
480 1000 608 1038 minus
632 1013 730 1051 saepe
749 1007 952 1046 tractatur,
941 1013 952 1023 ·
981 1007 1035 1048 at,
1054 1000 1094 1037 in
1110 999 1352 1050 judicialibus

243 1060 280 1091 et
308 1053 348 1090 in
377 1053 626 1092 deliberativis
655 1053 788 1103 causis,
810 1066 918 1114 saepe
943 1065 1094 1104 magnae
1119 1060 1243 1104 partes
1268 1066 1351 1091 ver-

243 1115 374 1144 santur
397 1108 520 1145 laudis
538 1115 605 1145 aut
622 1107 926 1158 vituperationis.
956 1120 1086 1158 quare,
1109 1107 1149 1145 in
1166 1107 1239 1145 hoc
1257 1119 1351 1157 quo-

243 1174 318 1211 que
336 1173 472 1211 genere
490 1174 624 1209 causae,
644 1161 818 1199 nonnihil
835 1160 1030 1199 industriae
1053 1160 1350 1199 consumendum

242 1222 434 1264 putemus.
482 1215 612 1262 Nunc,
650 1215 823 1253 absoluta
853 1215 962 1253 nobis
992 1214 1216 1252 difficillima
1246 1221 1353 1265 parte

243 1267 449 1315 rhetoricae,
482 1268 554 1306 hoc
586 1275 654 1316 est,
683 1268 896 1306 inventione
927 1267 1126 1320 perpolita,
1159 1275 1273 1319 atque
1304 1267 1354 1305 ad

241 1333 355 1359 omne
373 1334 493 1359 causae
518 1334 636 1372 genus
660 1321 955 1370 accommodata,
975 1329 1125 1372 tempus
1143 1329 1199 1360 est
1215 1321 1265 1359 ad
1282 1334 1353 1359 cae-

243 1383 340 1466 {gras
353 1382 476 1426 partes
489 1375 682 1427 proficisci.
711 1375 899 1454 Deinceps
917 1375 1033 1427 igitur
1050 1375 1097 1415 de
1114 1374 1354 1428 dispositione

285 1441 425 1467 cemus.

298 1483 373 1520 IX.
404 1483 599 1531 Quoniam
617 1482 809 1536 dispositio
830 1490 898 1533 est,
924 1497 993 1536 per
1016 1496 1134 1536 quam
1158 1483 1240 1531 illa,
1265 1494 1353 1535 quae

242 1535 469 1584 invenimus,
489 1537 529 1574 in
554 1538 724 1576 ordinem
749 1537 967 1589 redigimus,
993 1546 1038 1576 ut
1061 1544 1161 1576 certo
1184 1537 1353 1588 quidque

243 1590 326 1628 loco
353 1591 642 1650 pronuntietur,
676 1592 882 1631 videndum
908 1599 975 1639 est,
1001 1590 1215 1641 cujusmodi
1238 1591 1351 1628 ratio-

244 1655 333 1680 nem
350 1644 390 1681 in
406 1644 639 1696 disponendo
656 1645 793 1684 habere
811 1645 1017 1684 conveniat.
1060 1645 1210 1683 Genera
1226 1644 1352 1695 dispo-

243 1696 422 1735 sitionum
442 1706 529 1736 sunt
546 1698 647 1744 duo;
676 1712 799 1737 unum
824 1701 872 1737 ab
895 1697 1128 1737 institutione
1151 1697 1242 1736 artis
1265 1710 1352 1749 pro-

244 1750 411 1796 fectum3
433 1752 595 1790 alterum
610 1728 658 1790 ad
676 1765 804 1791 casum
822 1752 1000 1804 temporis
1013 1751 1352 1791 accommodatum.

243 1803 332 1841 Ex
322 1805 553 1844 mstitutione
570 1806 659 1844 artis
677 1806 931 1868 disponemus,
947 1818 1036 1844 cum
1053 1817 1255 1857 sequemur
1268 1817 1354 1843 eam

243 1859 546 1909 praeceptionem,
560 1872 676 1911 quam
687 1860 728 1897 in
746 1861 870 1911 primo
887 1860 984 1898 libro
998 1858 1261 1910 exposuimus,
1282 1856 1355 1896 hoc

243 1919 312 1960 cst,
339 1919 384 1949 ut
407 1920 560 1950 utamur
578 1913 775 1965 principio,
798 1914 1022 1960 narratione,
1048 1912 1244 1960 divisione,
1264 1923 1353 1950 con-

244 1964 469 2014 firmatione,
489 1967 756 2016 confutatione,
776 1967 1034 2006 conclusione:
1065 1973 1102 2004 et
1125 1966 1228 2004 hunc
1251 1964 1352 2003 ordi-

244 2030 347 2066 nem,
368 2019 691 2081 quemadmodum
709 2028 939 2082 praeceptum
953 2028 1008 2058 est
1022 2028 1122 2068 ante,
1141 2019 1182 2057 in
1195 2018 1353 2056 dicendo

245 2085 457 2123 sequemur.
488 2073 589 2111 Item
608 2087 655 2112 ex
668 2075 901 2112 institutione
915 2074 1017 2120 artis,
1032 2085 1109 2111 non
1127 2072 1240 2111 modo
1257 2078 1354 2111 totas

245 2138 374 2164 causas
391 2139 462 2186 per
479 2127 701 2174 orationem,
721 2127 786 2166 sed
803 2141 869 2179 per
889 2127 1055 2177 singulas
1073 2138 1224 2178 quoque
1241 2138 1353 2175 argu-

245 2180 504 2227 mentationes,
520 2180 562 2218 di
630 2193 778 2229 nemus,
797 2179 1147 2242 quemadmodum
1137 2192 1178 2217 111
1191 2177 1354 2218 secundo

244 2232 341 2272 libro
353 2232 566 2287 docuimus,
609 2234 649 2274 id
663 2241 731 2285 est,
750 2234 1035 2288 expositionem,
1054 2233 1251 2284 rationem,
1266 2242 1354 2272 oon-
