1456 2396
263 100 343 141 362
425 101 519 141 -DE
549 101 799 150 FINIBUS,
829 101 929 140 LIB.
950 100 984 140 1.
1015 99 1120 140 CAP.
1145 100 1206 139 lo.

259 209 440 258 busdam,
470 218 507 249 et
532 218 599 250 aut
623 203 755 250 officiis
779 209 929 255 debitis,
950 202 1024 248 aut‘
1033 216 1164 248 rerum
1181 201 1383 247 necessita-

261 264 379 314 tibus,
409 278 508 316 saepe
544 265 702 311 eveniet,
736 272 782 304 ut
819 272 856 303 et
891 264 1105 316 voluptates
1135 260 1383 314 repudiandae

262 318 352 365 sint,
383 326 420 357 et
445 319 629 357 molestiae
647 331 724 357 non
743 319 980 358 recusanda
1013 317 1152 369 Itaque
1170 329 1302 356 earum
1321 328 1381 353 re-
1441 320 1445 321 ⁷

260 385 350 410 rum
369 373 432 412 hic
450 381 600 411 tenetur
619 387 642 412 a
659 373 828 425 sapiente
846 373 1027 419 delectus,
1047 379 1092 410 ut
1117 378 1184 410 aut
1208 370 1381 420 rejicien-

262 425 321 463 dis
339 427 599 478 voluptatibus
616 428 779 477 majores
798 427 891 465 alias
910 432 1176 478 consequatur,
1203 431 1272 463 aut
1294 436 1383 476 per-

260 479 427 519 ferendis
444 480 637 520 doloribus
655 482 858 533 asperiores
876 481 1046 532 repellat.

318 534 433 574 Hanc
458 541 528 586 e'go
553 549 641 574 cum
667 543 818 574 teneam
843 535 1084 581 sententiam,
1111 532 1206 585 quid
1223 539 1293 579 est,
1313 545 1382 571 cur

261 602 405 636 verear,
435 602 484 628 ne
512 589 561 628 ad
590 603 675 629 eam
700 603 777 628 non
802 589 945 642 possim
970 587 1257 627 accommodare
1280 586 1382 624 Tor-

261 651 398 694 quatos
416 650 576 695 nostros,
607 658 702 696 quos
721 652 763 682 tu
782 644 898 695 paulo
917 652 1018 690 ante,
1039 655 1128 681 cum
1147 640 1380 688 memoriter,

261 705 348 734 tum
379 698 493 736 etiam
524 712 613 750 erga
637 711 705 737 nos
731 698 852 736 3111188
881 705 918 736 et
942 697 1138 743 benevole,
1165 694 1381 746 collegisti?

262 750 349 790 Nec
378 765 443 790 me
470 759 614 800 tamen,
644 752 846 791 laudandis
874 751 1086 802 majoribus
1113 750 1224 795 meis,
1254 762 1383 788 corru-

260 804 365 856 pisti,
395 818 466 845 nec
497 807 709 858 segniorem
746 807 796 844 ad
831 805 1141 858 respondendum
1171 803 1380 843 reddidisti.

260 858 442 906 Quorum
456 859 556 899 facta
569 861 912 923 quemadmodum,
930 873 1072 912 quaeso,
1092 857 1382 920 interpretaris?

261 913 408 952 Siccine
427 927 490 953 eos
508 928 635 954 censes
661 923 728 953 aut
752 915 792 952 in
812 923 1003 953 armatum
1023 913 1171 952 hostem
1189 913 1381 964 impetum

258 967 403 1015 fecisse,
433 976 500 1007 aut
529 970 570 1007 in
598 970 737 1008 liberos
766 976 803 1007 et
830 969 871 1007 in
903 968 1129 1019 sanguinem
1155 980 1269 1005 suum
1300 974 1380 1005 tam

258 1022 431 1061 crudeles
454 1023 584 1069 fuisse,
611 1024 708 1061 nihil
733 1031 778 1061 ut
793 1022 849 1061 ’(18
873 1023 1117 1069 utilitatibus,
1144 1021 1242 1059 nihil
1267 1029 1312 1059 ut
1334 1020 1383 1058 de

257 1076 471 1115 commodis
497 1078 587 1124 suis,
616 1078 854 1129 cogitarent?
882 1077 941 1114 At
965 1076 1006 1113 id
1030 1089 1079 1114 ne
1108 1075 1198 1114 ferae
1223 1075 1381 1127 quidem

257 1129 418 1178 faciunt,
451 1138 492 1168 ut
510 1132 564 1169 ita
582 1139 710 1178 ruant,
730 1132 860 1182 itaque
879 1132 1047 1177 turbent,
1067 1139 1125 1177 ut,
1147 1143 1279 1168 earum
1297 1142 1382 1168 mo-

258 1191 321 1222 tus
337 1192 374 1222 et
391 1184 558 1236 impetus
577 1199 655 1237 quo
672 1185 900 1237 pertineant,
920 1197 998 1222 non
1011 1184 1284 1246 intelligamus.
1314 1184 1382 1223 Tu

258 1244 340 1275 tam
373 1239 541 1290 egregios
574 1240 673 1278 viros
706 1252 833 1278 censes
864 1246 990 1277 tantas
1021 1251 1080 1277 rae
1111 1238 1268 1290 38551558
1299 1238 1381 1278 51118

258 1292 405 1331 causa?
434 1292 537 1340 Quae
561 1294 677 1332 fuerit
701 1307 828 1341 causa,
851 1306 945 1332 mox
964 1293 1117 1331 videro:
1147 1292 1291 1331 interea
1308 1292 1381 1332 hoc

257 1348 419 1385 tenebo.
451 1348 482 1386 si
506 1349 555 1386 ob
582 1349 752 1400 aliquam
771 1361 925 1387 causam
950 1347 1036 1395 ista,
1057 1361 1145 1409 quae
1162 1347 1244 1386 sine
1261 1346 1380 1386 dubio

256 1401 438 1452 praeclara
468 1409 570 1449 sunt,
602 1403 772 1451 fecerint,
804 1403 985 1441 virtutem
1013 1401 1074 1440 his
1098 1402 1222 1454 ipsam
1246 1414 1316 1453 per
1339 1415 1381 1440 se

255 1467 411 1494 causam
431 1469 508 1494 non
526 1456 654 1496 fuisse.
688 1457 889 1519 Torquem
908 1456 1074 1495 detraxit
1090 1455 1214 1495 hosti·
1237 1462 1275 1494 et
1292 1456 1379 1508 qui-

254 1508 345 1547 dem
371 1523 410 1548 se
436 1511 545 1557 texit,
572 1523 620 1550 ne
645 1511 826 1549 interiret.
866 1512 925 1548 At
950 1523 1136 1562 magnum
1162 1510 1379 1562 periculum

255 1563 373 1602 adiit:
404 1565 445 1602 in
471 1566 589 1604 oculis
608 1565 766 1618 quidem
785 1565 982 1604 exercitus.
1030 1564 1139 1613 Quid
1158 1577 1206 1603 ex
1225 1577 1270 1603 eo
1288 1577 1378 1603 con-

255 1625 407 1656 secutus
437 1622 522 1658 est?
553 1620 730 1658 Laudem
757 1628 795 1659 et
819 1619 1030 1666 caritatem,
1061 1633 1150 1671 quae
1174 1626 1265 1658 sunt
1289 1619 1379 1657 vitae

255 1671 336 1710 sine
372 1680 479 1711 metu
516 1674 697 1725 degendae
732 1673 908 1726 praesidia
943 1673 1174 1712 firmissima.
1230 1673 1377 1711 Filium

252 1734 376 1765 morte
398 1729 601 1766 multavit:
634 1729 665 1767 si
683 1729 765 1768 sine
783 1742 910 1776 causa,
940 1728 1084 1767 nollem
1101 1739 1166 1766 me
1184 1729 1233 1766 ab
1252 1740 1296 1766 eo
1315 1740 1377 1766 or-

251 1788 352 1828 tum,
374 1788 453 1819 tam
468 1782 704 1834 importuno,
724 1791 883 1834 tamque
901 1782 1057 1821 crudeli.
1100 1782 1169 1820 Sin
1187 1789 1233 1820 ut
1246 1782 1377 1820 dolore

251 1847 321 1873 suo
339 1837 501 1874 sanciret
518 1837 692 1875 militaris
705 1837 858 1890 imperii
871 1837 1125 1888 disciplinam,
1147 1836 1378 1874 exercitum-

250 1902 327 1940 que
350 1889 392 1927 in
417 1891 640 1941 gravissimo
665 1892 767 1930 bello
793 1891 1130 1930 animadversionis
1154 1898 1262 1928 metu
1284 1902 1376 1929 con-

248 1943 410 1990 tineret;
441 1945 555 1983 saluti
591 1946 787 1998 prospexit
823 1945 980 1995 civium,
1019 1958 1100 1997 qua
1135 1944 1375 1996 intelligebat

250 1997 434 2036 contineri
452 2012 575 2038 suam.

302 2052 439 2104 Atque
457 2053 538 2092 haec
556 2054 653 2093 ratio
671 2055 747 2094 late
764 2061 881 2107 patet.
913 2054 962 2093 In
981 2067 1059 2107 quo
1078 2052 1182 2092 enim
1200 2053 1374 2093 maxime

247 2107 442 2146 consuevit
470 2109 614 2170 jactare
646 2117 769 2147 vestra
797 2122 835 2147 se
864 2109 997 2156 oratio,
1030 2112 1116 2151 (tua
1142 2108 1370 2160 prasertim,

246 2172 315 2210 qu1
345 2162 511 2200 studiose
536 2163 696 2215 antiqua
724 2163 974 2215 persequeris,
1006 2163 1117 2202 813115
1145 2170 1184 2201 et
1209 2162 1374 2202 fortibus

247 2213 336 2253 111-15
365 2217 724 2266 commemorandis,
751 2231 962 2270 eorumque
986 2217 1096 2257 factis
1119 2229 1197 2256 non
1224 2216 1373 2257 emolu.
