1456 2396
183 60 268 101 AD
288 57 667 106 HERENNIUM,
688 57 788 97 Lm.
805 57 887 98 III.
907 58 1013 98 Gap.
1028 59 1066 97 4.
1099 60 1171 99 191

64 177 102 208 51
124 167 298 219 indignas
322 167 420 206 viros
448 167 562 206 fortes
590 174 786 218 propterea
811 175 1049 206 contemnere
1065 179 1175 219 opor-

64 231 155 267 tere,
189 235 258 260 nec
288 222 441 260 idoneis
476 220 659 272 dignitate
687 221 756 259 sua
784 221 964 271 judicare.
1016 223 1118 259 Item
1153 234 1176 258 a

63 276 172 314 nulla
198 288 238 314 re
260 275 432 323 honesta„
459 275 616 326 periculi
640 283 708 313 aut
735 275 873 313 laboris
897 275 1175 326 magnitudine,

62 330 199 368 deduci
229 337 422 380 oportere3
463 329 715 380 antiquiorem
746 337 908 367 mortem
943 329 1177 380 turpitudine

63 384 226 428 habere;
255 384 363 421 nullo
392 383 520 422 dolore
544 382 641 434 cogi,
668 391 712 420 ut
737 384 784 420 ab
810 383 931 421 officio
956 383 1174 427 recedatur3

63 437 207 475 nullius
219 450 289 488 pro
302 437 356 475 rei
367 437 521 476 veritate
531 445 699 475 metuere
709 446 923 475 immicmas
933 451 944 482 3
966 438 1175 488 quodlibet,

61 504 132 543 pro
145 492 281 543 patria,
296 492 528 543 parentibus,
543 491 769 542 hospitibus,
785 491 927 534 31111515,
949 499 985 529 et
1004 491 1048 529 iis
1067 494 1179 529 rebus

63 558 159 597 quas
179 546 326 595 justitia
350 545 470 584 colere
490 545 603 596 cogit,
622 545 724 582 adire
742 545 968 595 periculum,
989 554 1026 583 et
1045 559 1178 596 quem-

63 599 156 637 libet
180 600 364 651 suscipere
388 600 570 638 laborem.
600 598 802 637 Modestiae
822 599 992 649 partibus
1011 608 1178 645 utemur,

64 653 96 691 si
109 653 245 691 nimias
262 653 436 691 libidines
453 653 620 714 honoris,
640 653 824 704 pecuniae,
845 653 1103 704 similiumque
1121 666 1179 691 re-

64 720 166 754 rum,
182 707 506 758 vituperabimus;
527 708 558 745 si
573 719 900 769 unamquamque
898 720 980 745 rem
999 716 1097 745 certo
1111 720 1180 745 na-

64 768 161 799 turae
183 761 345 800 termino
363 761 611 807 definiemus;
641 762 686 808 si,
714 761 817 812 quod
842 761 978 812 cuique
1003 761 1091 799 satis
1116 762 1178 807 511,

62 815 318 863 ostendemus,
349 824 387 854 et
408 815 587 853 nimium
603 815 778 867 progredi
801 814 1116 862 dissuadebimus,
1143 824 1179 853 et

63 869 223 907 modum
241 870 447 921 unicuique
464 870 518 908 rei
536 877 756 908 statuemus.
800 869 1037 918 Hujusmodi
1055 877 1180 920 partes

64 931 154 960 sunt
166 923 315 962 virtutis
332 924 622 974 amplificandae,
643 923 674 961 si
692 923 959 967 suadebimus;
980 931 1180 961 attenuan-

62 976 136 1024 dae,
166 978 198 1015 si
224 980 272 1016 ab
300 977 360 1016 his
386 978 685 1024 dehortabimur,
714 976 778 1026 [ut
794 977 876 1015 haec
898 985 1140 1015 attenuentur
1142 978 1177 1028 ,]

63 1044 152 1082 quae
169 1044 284 1083 supra
301 1031 566 1070 demonstravi.
596 1032 702 1069 Nam
716 1043 829 1070 nemo
848 1032 930 1077 erit,
947 1031 1015 1082 qui
1033 1039 1180 1069 censeat

63 1098 88 1122 a
105 1085 243 1124 virtute
260 1085 534 1124 recedendum:
556 1098 689 1124 verum
708 1094 775 1123 aut
792 1098 850 1124 res
868 1098 944 1123 non
959 1085 1181 1147 hujusmodi

63 1139 211 1177 dicatur
225 1152 316 1187 esse,
336 1148 380 1178 ut
394 1140 574 1178 virtutem
587 1139 776 1191 possimus
794 1140 994 1201 egregiam
1004 1140 1180 1191 experiri,

65 1202 132 1231 aut
145 1193 186 1230 in
199 1194 392 1232 contrariis
404 1195 530 1246 potius
544 1197 669 1241 rebus,
686 1206 803 1245 quam
816 1194 857 1230 in
871 1194 944 1240 his,
960 1194 1078 1231 virtus
1092 1206 1182 1231 con-

65 1255 163 1285 stare
176 1248 405 1286 ostendatur.
436 1248 551 1295 Item,
567 1248 598 1286 si
612 1261 689 1299 quo
701 1255 811 1298 pacto
824 1247 1046 1299 poterimus,
1063 1260 1181 1298 quam

64 1301 111 1346 15,
132 1301 200 1352 qui
213 1310 342 1340 contra
359 1301 470 1350 dicet,
486 1302 674 1352 justitiam
692 1301 848 1350 vocarit,
866 1313 934 1339 nos
948 1301 1182 1339 demonstra-

66 1355 194 1393 bimus
206 1355 399 1406 ignaviam
418 1369 510 1403 aese,
530 1363 567 1394 et
584 1355 773 1401 inertiam,
793 1368 837 1393 35
853 1368 1011 1406 pravam
1029 1355 1183 1393 liberta-

66 1416 170 1447 tem:
201 1422 318 1460 quam
342 1409 584 1461 prudentiam
608 1409 821 1461 appellarit,
841 1409 1009 1459 ineptam
1035 1417 1072 1447 et
1096 1422 1182 1459 gar-

66 1464 192 1501 rulam
211 1472 248 1501 et
266 1464 434 1501 odiosam
452 1464 645 1502 scientiam
664 1477 741 1501 esse
758 1463 950 1501 dicemus:
981 1476 1098 1514 quam
1117 1463 1182 1500 ille

67 1517 292 1555 modestiam
311 1517 409 1555 dicet
426 1531 516 1565 esse,
537 1531 621 1556 oem
635 1530 704 1556 nos
720 1517 896 1555 inertiam
910 1524 947 1554 et
960 1516 1182 1555 dissolutam

68 1571 339 1638 negligentiam
362 1571 554 1610 dicemus·
590 1584 708 1623 quam
736 1571 802 1608 ille
826 1570 1089 1609 fortitudinem
1113 1583 1182 1608 no-

66 1625 243 1673 1111113111,
263 1639 348 1664 &am
365 1637 434 1664 nos
452 1625 715 1677 gladiatoriam
733 1633 771 1664 et
787 1624 1100 1663 inconsideratam
1115 1638 1182 1676 ap-

67 1680 295 1730 pellabimus
313 1680 574 1718 temeritatem.

123 1733 199 1772 IV.
220 1733 433 1772 Laudabile
446 1742 514 1781 est,
531 1733 635 1785 quod
648 1733 796 1772 conficit
809 1733 1020 1781 honestam,
1036 1744 1073 1771 et
1086 1745 1183 1784 prae-

69 1795 228 1832 sentem,
258 1795 297 1826 et
324 1796 614 1839 consequentem
645 1788 1052 1826 commemorationem.
1096 1787 1184 1825 Hoc

69 1853 152 1888 nos,
168 1853 226 1889 en,
241 1854 265 1879 a
278 1849 377 1880 recto
392 1855 622 1893 separamus,
635 1854 712 1880 non
724 1841 828 1893 quod
838 1842 898 1879 hae
917 1849 1079 1893 quatuor
1097 1854 1183 1892 par-

69 1902 139 1940 tes,
160 1907 247 1946 quae
265 1896 518 1946 subjiciuntur
536 1898 606 1934 sub
621 1896 805 1934 vocabulo
818 1896 922 1942 recti,
937 1896 1036 1933 hanc
1048 1895 1184 1932 hones-

70 1948 157 1986 tatis
171 1950 567 1988 commemorationem
581 1950 670 1988 dare
682 1962 759 1988 non
773 1950 939 1988 soleant:
957 1949 1035 1995 sed,
1048 1961 1185 2000 quam-

71 2015 190 2053 quam
209 2015 256 2040 ex
271 2011 371 2042 recto
388 2003 580 2042 laudabile
592 2004 771 2049 nascitur,
791 2012 934 2049 tamen,
953 2004 993 2041 in
1012 2001 1183 2046 dicendo,

70 2068 239 2094 seorsum
253 2057 493 2096 tractandum
511 2065 566 2096 est
583 2058 656 2096 hoc
673 2059 721 2096 ab
739 2058 817 2096 illo.
847 2057 988 2108 Neque
1005 2057 1106 2094 enim
1126 2067 1185 2092 so-

70 2109 155 2147 lum
174 2109 297 2148 laudis
314 2112 427 2149 531153
444 2119 590 2150 rectum
608 2112 715 2163 sequi
733 2111 929 2150 convenit:
959 2110 1038 2153 sed,
1057 2111 1089 2148 si
1103 2110 1186 2146 laus

71 2164 326 2215 consequitur,
339 2164 554 2217 duplicatur
564 2166 655 2206 recti
665 2165 867 2218 appetendi
876 2165 1061 2205 voluntas.
1083 2163 1185 2202 Cum
