1456 2396
225 80 309 119 AD
340 74 720 124 HERENNIUM,
752 75 850 115 Lm.
873 76 906 115 Ι.
938 76 1042 116 ΟΑΡ.
1063 78 1102 115 2.
1147 76 1222 114 143

106 190 178 237 illi,
198 202 247 228 ne
264 200 403 241 parum
420 186 545 225 multa
563 184 676 224 scisse
693 185 926 231 viderentur,
953 199 998 225 ea
1016 185 1228 239 conquisie-

106 251 210 291 runt,
239 257 326 295 quae
349 242 447 280 nihil
466 240 692 287 attinebant,
718 248 763 278 ut
782 254 842 278 ars
861 240 1048 279 difficilior
1074 241 1229 292 cognitu

107 305 330 350 putaretur:
361 309 431 334 nos
450 302 579 333 autem
599 307 656 341 ea,
684 307 771 346 quae
796 295 1024 334 videbantur
1042 295 1092 333 ad
1115 295 1231 333 ratio-

108 366 198 392 nem
229 350 380 390 dicendi
410 348 612 401 pertinere,
645 349 864 387 sumsimus.
903 350 997 388 Non
1029 349 1132 388 enim
1165 362 1232 401 spe

107 408 289 459 quaestsis,
315 412 383 443 aut
407 402 542 456 gloria,
573 403 756 441 commoti
784 403 959 442 venimus
988 404 1038 443 ad
1066 403 1233 442 scriben-

109 461 219 508 dum,
239 457 568 512 quemadmodum
586 457 735 502 caeteri3
757 457 823 496 sed
840 465 885 496 ut
903 458 1091 498 industria
1105 458 1236 497 nostra

110 521 187 553 tuae
210 526 358 552 morem
382 525 562 564 geramus
587 512 786 550 voluntati.
829 513 962 560 Nunc,
993 526 1042 552 ne
1066 513 1235 551 nimium

110 569 226 620 longa
245 575 419 606 sumatur
437 566 570 613 oratio,
590 565 640 605 de
656 579 697 604 re
718 566 840 605 dicere
865 567 1117 619 incipiemu53
1148 568 1179 606 si
1198 575 1237 606 te

111 636 235 662 unum
253 622 351 660 illud
369 620 646 668 monuerimus,
675 627 810 668 artem,
838 621 918 660 sine
940 622 1160 660 assiduitate
1179 622 1238 659 di-

111 676 235 725 cendi,
262 689 340 715 non
365 676 536 713 multum
560 676 720 724 juvare3
750 682 795 713 ut
817 675 1024 727 intelligas,
1051 676 1151 714 hanc
1177 690 1239 714 ra-

112 731 256 771 tionem
274 729 537 783 praeceptionss
557 729 606 767 ad
625 729 934 769 exercitationem
959 729 1241 770 accommodari

114 793 298 838 oportere.

168 841 227 878 ΙΙ.
244 838 418 879 Oratoris
432 837 601 877 officium
616 845 686 887 est,
702 837 749 877 de
763 837 823 877 his
842 841 955 878 rebus
973 852 1083 890 posse
1101 838 1240 886 dicere,

113 908 202 947 quae
226 907 285 933 res
304 893 354 932 ad
377 906 493 932 usum
513 893 664 931 civilem
682 893 854 932 moribus
873 907 917 932 ac
934 894 1084 945 legibus
1104 893 1243 933 consti-

113 957 208 988 tutae
237 955 339 995 sunt,
371 960 461 986 cum
489 947 704 986 assensione
734 947 968 996 auditorum,
1000 948 1129 1000 quoad
1159 949 1242 998 ejus

115 1003 198 1043 fieri
226 1002 376 1055 poterit.
417 1001 514 1040 Tria
543 1008 634 1040 sunt
663 1014 803 1053 genera
828 1015 1044 1050 causarum,
1072 1016 1160 1054 quae
1184 1015 1244 1041 re-

115 1058 239 1110 cipere
258 1057 371 1096 debet
385 1063 536 1102 orator;
557 1056 914 1104 demonstrativum,
935 1057 1243 1104 deliberativum,

113 1112 306 1164 judiciale.
335 1110 695 1150 Demonstrativum
709 1117 779 1157 est,
796 1111 900 1162 quod
918 1111 1100 1150 tribuitur
1114 1111 1155 1149 in
1175 1111 1246 1149 ali-

117 1168 228 1217 cujus
241 1173 352 1205 certae
365 1177 536 1217 personae
550 1164 720 1213 laudem,
738 1165 799 1203 vel
813 1165 1133 1217 vituperationem
1148 1181 1158 1204 ε
1181 1165 1246 1204 de-

117 1221 365 1260 liberativum
392 1227 461 1268 est,
483 1217 601 1271 quod,
621 1218 662 1257 in
681 1219 957 1259 consultatione
975 1220 1158 1272 positum,
1178 1220 1248 1259 ha-

120 1278 186 1315 bet
211 1275 252 1313 in
280 1287 319 1314 se
345 1274 561 1313 suasionem
589 1280 626 1312 et
648 1273 948 1313 dissuasionem:
977 1275 1159 1325 judiciale
1178 1281 1248 1323 est,

121 1329 240 1382 quod,
260 1328 430 1380 positum
454 1327 497 1366 in
523 1327 790 1376 controversia,
818 1328 936 1368 habet
954 1329 1248 1377 accusationem,

121 1393 190 1423 aut
207 1383 431 1436 petitionem
450 1394 540 1421 cum
558 1381 788 1421 defensione.
831 1384 963 1423 Nunc.
982 1397 1078 1435 quas
1094 1396 1152 1421 res
1167 1396 1252 1422 ora-

121 1446 244 1477 torem
256 1437 397 1476 habere
409 1443 594 1489 oporteat,
608 1436 829 1476 docebimus
843 1451 854 1475 z
876 1437 1027 1486 deinde,
1045 1450 1123 1489 quo
1136 1438 1253 1476 modo

121 1493 192 1532 has
212 1505 343 1531 causas
362 1491 515 1529 tractari
542 1491 754 1539 conveniat,
783 1492 1039 1531 ostendemus.
1088 1491 1255 1544 Oportet

123 1547 243 1599 igitur
257 1559 338 1585 esse
351 1545 392 1583 in
407 1552 553 1584 oratore
566 1545 841 1593 inventionem,
858 1546 1160 1598 dispositionem,
1178 1547 1256 1585 elo-

125 1601 333 1647 cutionem,
360 1599 603 1647 memoriam,
626 1606 663 1638 et
680 1600 1045 1651 pronuntiationem.
1077 1601 1257 1639 Inventio

124 1663 182 1695 est
196 1654 423 1707 excogitatio
441 1667 571 1692 rerum
590 1666 767 1692 verarum
786 1662 854 1693 aut
868 1654 1149 1703 verisimilium,
1170 1669 1260 1707 quae

126 1722 282 1749 causam
300 1708 540 1761 probabilem
559 1707 732 1747 reddant.
781 1706 993 1761 Dispositio
1020 1717 1076 1748 est
1101 1709 1194 1748 ordo
1221 1716 1260 1748 et

126 1764 343 1803 distributio
368 1776 512 1810 rerum,
541 1775 629 1815 quae
653 1763 902 1812 demonstrat,
931 1763 1027 1815 quid
1051 1764 1193 1816 quibus
1217 1764 1260 1802 in

128 1819 222 1858 locis
248 1818 297 1857 sit
322 1817 601 1857 collocandum.
643 1817 824 1857 Elocutio
850 1826 906 1857 est
931 1818 1158 1857 idoneorum
1177 1832 1262 1858 ver-

128 1874 269 1912 borum
293 1880 331 1911 et
357 1872 632 1910 sententiarum
651 1872 701 1910 ad
718 1872 979 1911 inventionem
997 1873 1263 1912 accommoda-

130 1927 198 1966 tio.
232 1926 427 1966 Memoria
452 1934 507 1966 est
525 1926 639 1965 firma
656 1926 778 1965 animi
796 1939 926 1966 rerum
946 1933 983 1965 et
1001 1929 1207 1966 verborum
1226 1934 1264 1966 et

131 1981 387 2033 dispositionis
400 1981 603 2034 perceptio.
634 1981 903 2020 Pronuntiatio
918 1989 974 2020 est
988 1982 1102 2029 vocis,
1120 1983 1263 2028 vultos,

133 2037 262 2088 gestus
279 2035 490 2074 moderatio
509 2048 598 2074 cum
617 2043 827 2075 venustate.
876 2036 976 2074 Haec
993 2038 1125 2075 omnia
1143 2036 1266 2074 tribus

134 2092 250 2129 rebus
274 2090 425 2142 assequi
450 2090 675 2142 poterimus,
702 2097 797 2139 arte,
823 2090 1052 2138 imitatione,
1084 2090 1266 2129 exercita-

137 2144 253 2183 tione.
296 2145 376 2184 Ars
396 2151 452 2182 est
469 2144 687 2198 praeceptio,
708 2158 796 2197 quae
818 2145 885 2183 dat
910 2152 1052 2184 certam
1078 2144 1181 2183 viam
1207 2157 1267 2182 ra-

139 2198 362 2252 tionemque
394 2198 555 2241 dicendi.
605 2199 779 2241 Imitatio
805 2207 874 2252 est,
908 2199 987 2251 qua
1015 2198 1267 2251 impellimur,
