1456 2396
249 64 334 108 Dr:
359 61 615 114 FINIBUS,
645 62 805 105 Lm1.
835 63 942 104 CAP.
968 65 1032 104 15.
1132 63 1213 110 367

76 175 190 225 ferat,
205 181 245 215 et
262 187 328 215 eos
340 175 454 228 quasi
467 174 671 215 eoncordia
689 173 863 228 quadam
880 175 1009 228 placet
1027 187 1071 214 ac
1088 173 1226 214 leniat.

78 230 360 284 'raupa-amia
377 238 434 270 est
452 230 572 278 enim,
593 243 697 283 quae,
717 231 759 269 in
778 232 895 270 rebus
913 238 982 270 aut
1000 229 1228 282 expetendis

78 291 149 324 ιιιιι
170 285 381 338 fugiendis,
407 285 600 325 rationem
626 293 671 324 ut
694 298 921 338 sequamur,
948 293 1095 325 monet.
1140 285 1229 324 Nec

81 339 188 380 enim
207 340 300 380 satis
317 348 376 380 est
391 340 581 392 judicare,
610 340 708 403 quid
726 341 965 390 faciendum,
985 353 1065 380 non
1085 339 1231 379 facien-

81 395 228 435 dumve
255 395 330 435 sit:
361 396 429 435 sed
457 405 558 436 stare
583 396 701 435 etiam
732 405 884 448 oportet
909 395 951 434 in
977 408 1023 435 eo
1047 395 1155 448 quod
1181 395 1232 434 sit

79 446 314 502 judicatum.
356 450 541 504 Plerique
566 459 714 498 autem,
743 451 848 503 quod
868 460 997 490 tenere
1015 458 1134 514 atque
1153 464 1232 489 ser-

85 519 176 545 vare
194 505 251 554 id,
280 505 387 559 quod
406 514 640 553 statuerunt,
662 518 740 545 non
759 514 937 558 possunt
958 506 1050 546 victi
1068 514 1106 545 et
1125 505 1235 544 debi-

85 560 201 610 litui,
216 561 369 612 objecta
383 561 509 615 specie
523 561 747 614 voluptatis,
768 561 928 600 tradunt
947 575 987 600 se
1004 561 1236 601 libidinibus

86 616 431 669 constringendos·
453 629 538 666 nec,
559 617 656 670 quid
675 625 905 656 eventurum
922 617 984 663 sit,
1001 615 1234 669 provident;

87 673 140 711 ob
160 685 326 725 eamque
344 685 517 720 musam,
539 680 697 725 propter
713 672 953 725 voluptatem
971 680 1007 710 et
1022 684 1183 724 parvam
1199 678 1239 710 et

89 738 169 766 non
196 727 464 776 neeessariam,
488 735 528 767 et
546 741 636 780 quae
655 727 715 766 vel
735 727 847 766 aliter
864 735 1079 779 pararetur,
1101 734 1138 766 et
1157 726 1238 779 qua

90 781 210 822 otiam
247 795 376 822 mere
406 791 563 836 possent
592 782 674 822 sine
707 781 853 830 dolore,
889 791 975 820 tum
1008 782 1048 820 in
1082 783 1241 821 morbos

90 850 243 890 graves,
264 845 350 876 tum
370 837 412 876 in
431 838 591 884 damna,
611 846 699 876 tum
725 837 766 876 in
787 837 986 883 dedecora,
1007 837 1240 875 incurrunt·

92 906 195 946 saepe
220 892 338 932 etiam
363 893 497 946 legum
515 893 832 946 judiciorumque
856 893 979 946 poenis
1004 892 1242 944 obligantur.

166 948 174 956 ‘
210 956 342 987 autem
374 948 431 987 ita
462 948 541 988 frui
574 949 712 988 volunt
745 948 1025 1001 voluptatibus,
1066 955 1110 986 ut
1143 947 1244 985 nulli

92 1012 251 1057 propter
269 1016 332 1043 eas
350 1003 501 1044 dolores
519 1013 831 1057 consequanturz
857 1011 895 1042 et
914 1003 982 1057 qui
1003 1014 1119 1041 suum
1136 1001 1246 1053 judi-

93 1058 199 1098 cium
212 1059 393 1107 retinent,
409 1071 474 1108 ne,
491 1059 691 1113 voluptate
703 1059 807 1106 victi,
825 1059 968 1098 faciant
983 1058 1023 1097 id
1039 1057 1144 1111 quod
1159 1070 1246 1096 sen-

94 1113 200 1154 tiunt
219 1126 298 1154 non
317 1127 398 1154 esse
422 1115 673 1162 ιἰιεὶειιᾱιιιιις
704 1114 746 1154 hi
765 1115 1004 1168 voluptatem
1025 1113 1244 1152 maximam

94 1169 375 1223 adipiseunmr,
390 1170 722 1234 praetermittenda
737 1171 947 1223 voluptate.
981 1169 1107 1209 Iidem
1128 1169 1246 1208 etiam

95 1224 161 1264 dol
146 1226 268 1265 lorem
288 1238 389 1279 sepe
406 1227 691 1279 perpetiuntur,
716 1238 779 1272 ne,
801 1226 831 1265 si
851 1226 891 1264 id
911 1238 988 1264 non
1010 1224 1197 1271 faciant,
1187 1236 1249 1262 ιιι-

213 1291 229 1320 t
252 1281 294 1320 in
319 1282 521 1333 majorem.
562 1282 625 1321 Ex
652 1295 731 1335 quo
751 1281 996 1335 intelligitur,
1016 1293 1087 1319 nec
1107 1280 1249 1318 intem-

98 1336 315 1389 perantiam
333 1345 490 1390 propter
503 1350 543 1377 se
556 1337 783 1390 fugiendam
805 1350 910 1383 esse;
932 1334 1249 1398 temperantiam-

99 1405 178 1445 que
195 1392 452 1445 expetean
457 1405 563 1440 ,non
580 1393 674 1447 quia
688 1393 906 1446 voluptates
918 1392 1060 1446 fugiat,
1077 1390 1143 1431 sed
1158 1390 1253 1444 quia

101 1448 268 1499 majores
285 1456 555 1503 oonsequatur.

158 1502 255 1542 XV.
287 1503 439 1543 Eadem
472 1503 710 1544 fortitudinis
738 1503 837 1543 ratio
869 1502 1092 1566 reperietur.
1142 1501 1252 1541 Nam

103 1570 232 1612 neque
249 1558 429 1598 laborum
383 1559 677 1654 perfunctio,
698 1572 825 1613 neque
843 1559 1037 1613 perpessio
1055 1558 1252 1605 dolorum,

103 1627 173 1667 per
201 1627 241 1654 se
262 1614 355 1678 ipsa
383 1615 530 1654 allicit.
562 1628 632 1655 nec
664 1615 864 1668 patientia,
894 1627 964 1653 nec
996 1613 1254 1662 assiduitates,

133 1670 352 1723 ecvigihae,
377 1683 447 1710 nec
466 1683 511 1710 εει
529 1671 628 1724 ipsa,
649 1685 739 1724 quae
763 1671 961 1717 laudatur,
982 1668 1185 1715 industria,
1206 1680 1257 1707 ne

106 1724 293 1765 fortitudo
319 1725 505 1780 quidem:
538 1726 603 1766 sed
634 1727 707 1766 ista
733 1727 947 1782 sequimur,
976 1734 1020 1764 ut
1051 1724 1134 1764 sine
1163 1723 1258 1763 cura

106 1789 295 1834 metuque
314 1781 518 1828 vivamus·
546 1782 805 1835 animumque
824 1790 862 1822 et
880 1794 1033 1834 eorpus,
1063 1787 1256 1834 quantum

107 1835 256 1876 efficere
268 1837 478 1890 possimus,
492 1838 671 1878 molestia
685 1837 907 1877 liberemus.
954 1836 1010 1876 Ut
1029 1835 1133 1875 enim
1154 1847 1260 1873 mor-

107 1891 158 1930 tis
182 1899 292 1931 metu
317 1893 446 1933 omnis
475 1893 618 1947 quietae
643 1893 734 1932 vitae
763 1901 886 1933 status
910 1893 1190 1954 perturbatum
1222 1897 1261 1928 et

109 1953 170 1996 ut,
200 1949 450 1988 succumbere
467 1948 681 2012 doloribuS,
710 1962 853 2002 eosque
870 1947 1014 1988 humili
1033 1946 1167 1985 animo
1184 1944 1260 1983 im-

108 2001 327 2056 becilloque
341 2002 454 2054 ferre,
469 2004 657 2044 miserum
670 2012 755 2050 εει,
777 2005 827 2044 ob
840 2016 1006 2057 eamque
1020 2001 1260 2041 debilitatem

110 2057 247 2107 animi,
277 2058 395 2097 multi
425 2067 618 2113 parentes,
649 2059 767 2099 multi
797 2059 956 2107 amieos,
984 2056 1166 2096 nonnulli
1192 2069 1263 2109 pa-

110 2113 243 2160 triam,
263 2113 440 2168 plerique
457 2121 590 2154 autem
610 2129 650 2155 se
667 2115 786 2168 ipsos,
806 2114 963 2168 penitus
982 2111 1261 2166 perdideruntz

111 2168 166 2208 sic
195 2169 378 2208 robustus
396 2170 552 2210 animus
571 2178 609 2210 et
634 2171 809 2210 excelsus
833 2169 943 2209 omni
970 2176 1028 2208 est
1052 2167 1151 2206 liber
1169 2166 1265 2206 cur&

111 2232 152 2264 et
170 2236 329 2278 angore,
349 2236 441 2266 cum
461 2233 500 2267 et
516 2233 685 2267 mortem
704 2225 933 2276 contemnit,
953 2223 1034 2278 qua
1052 2222 1123 2278 qui
1141 2220 1267 2263 affecti
