1456 2396
173 101 258 142 AD
277 102 658 153 HERENNIUM,
675 105 775 144 Lm.
793 104 868 144 IV.
884 104 990 144 CAP.
1005 105 1070 142 43.
1100 104 1181 143 249

66 210 205 260 verbis,
223 212 522 263 pronuntiando,
541 214 749 252 tractando.
778 214 918 253 Verbis
928 212 1186 275 commutabi-

66 277 170 312 mus,
202 278 307 313 cum,
333 279 374 304 re
398 267 516 304 semel
540 266 657 315 dicta,
683 268 824 307 iterum
847 276 916 307 aut
941 268 1033 319 εεεΡΞ
1034 281 1079 305 us
1104 266 1189 305 aliis

67 319 206 367 vetbis,
226 333 315 371 quae
332 320 436 358 idem
453 321 618 369 valeant,
639 322 772 360 eadem
791 336 850 361 res
868 323 1094 374 proferetuf,
1114 321 1188 359 hoc

66 372 207 411 modo·
247 375 276 396 ‘⁶
295 375 466 412 Nullum
491 382 644 412 tantum
669 384 725 414 est
748 377 977 427 periculum,
999 376 1104 428 quod
1128 388 1189 413 sa-

67 425 178 477 piens
205 440 275 479 pro
302 429 424 467 salute
449 429 584 480 patriae
610 430 812 468 vitandum
839 431 920 469 arbi
923 439 1053 469 tremi.
1083 430 1188 468 Cum

68 488 204 531 agetur
221 482 463 521 incolumitas
480 491 666 535 perpetua
684 484 858 532 civitatis,
889 485 957 536 qui
979 485 1089 523 bonis
1117 483 1189 522 erit

68 534 281 574 rationibus
304 537 501 588 praeditus,
521 538 688 589 profecto
707 539 862 576 nullum
880 541 967 576 vitae
987 539 1061 576 dist
1051 539 1190 576 rimen

69 588 143 626 sibi
160 603 232 650 pro
257 590 421 629 fortunis
446 592 667 643 reipublicae
690 592 917 644 fugiendum
945 593 1122 656 putabit3
1152 600 1192 629 et

69 642 141 680 erit
171 644 212 682 in
241 645 286 683 ea
313 645 498 684 sententia
524 659 686 698 semper,
706 657 751 685 ut
776 660 847 708 pro
873 647 998 710 patxia
1026 647 1193 716 studiose:

70 698 249 748 quamvis
271 699 314 737 in
334 711 520 751 magnam
538 700 740 739 descendat
758 702 846 739 vitae
864 701 1176 739 dimicationem?

71 751 364 792 Pronuntiando
393 755 731 804 commutabimus,
765 755 797 793 si
823 762 910 792 tum
934 755 975 792 in
1004 767 1191 802 sermone,

71 812 158 844 tum
177 807 218 844 in
236 808 459 857 acrimonia,
485 817 571 847 tum
589 809 631 847 in
650 810 725 848 alio
744 818 858 861 atque
877 809 951 847 3110
971 822 1107 860 genere
1126 822 1193 846 vo-

70 860 126 898 cis
143 869 259 913 atque
277 865 417 913 gestus,
434 863 567 901 eadem
582 864 706 902 verbis
720 863 1006 910 commutando,
1021 875 1194 915 pronun-

71 914 270 954 tiationem
290 930 444 969 quoque
465 918 729 956 vehementius
749 918 1056 955 immutabimus.
1105 917 1196 955 Hoc

73 982 199 1021 neque
217 971 524 1010 commodissime
550 972 662 1010 scribi
679 979 816 1024 potest,
837 985 962 1022 neque
980 984 1119 1022 parum
1139 978 1198 1009 est

70 1032 278 1075 apertum.
308 1039 436 1087 quare
445 1039 522 1064 non
541 1033 626 1077 eget
644 1026 824 1078 exempli.
870 1026 1050 1064 Tertium
1074 1037 1197 1076 genus

73 1087 132 1117 aet
149 1080 472 1142 commutationis,
493 1080 598 1132 quod
615 1080 811 1118 tractando
830 1080 962 1118 confici
966 1089 1040 1127 mr,
1061 1080 1094 1117 si
1111 1092 1198 1118 sen-

72 1133 236 1172 tentiam
254 1135 486 1184 trajiciemus
505 1142 572 1173 aut
591 1134 640 1172 ad
666 1134 1033 1184 sermocinationem,
1055 1141 1122 1172 aut
1147 1134 1199 1172 ad

72 1189 422 1227 exsuscitationem.

131 1242 297 1280 XLIII.
341 1243 614 1282 Sermocinatio
634 1250 703 1293 est,
724 1243 789 1287 (de
807 1243 885 1296 qua
910 1244 1063 1295 planius
1080 1243 1200 1295 paulo

77 1304 164 1348 post
182 1310 252 1335 suo
268 1298 352 1336 loco
374 1298 558 1346 dicemus,
584 1311 688 1336 nunc
712 1299 888 1345 breviter,
918 1298 966 1336 ad
991 1298 1091 1335 hanc
1116 1309 1200 1335 rem

79 1350 185 1402 quod
204 1351 293 1390 satis
312 1352 373 1400 sit,
395 1353 642 1404 attingemus)
662 1352 702 1390 in
723 1354 800 1404 qua
820 1353 1069 1390 constituetur
1082 1352 1203 1389 alicu-

73 1406 142 1454 jus
160 1418 331 1457 personae
356 1407 475 1445 oratio
498 1406 782 1445 accommodata
801 1406 850 1444 ad
868 1406 1109 1458 dignitatem,
1129 1405 1204 1444 hoc

79 1460 212 1509 modo,
242 1468 299 1507 ut,
320 1474 397 1512 quo
415 1462 564 1499 facilius
583 1474 641 1499 res
660 1462 834 1511 cognosci
851 1461 983 1512 possit
1004 1473 1052 1498 ne
1071 1462 1119 1498 ab
1139 1460 1204 1498 83-

79 1515 171 1553 dem
186 1517 371 1553 sententia
389 1516 635 1554 recedamus:
668 1518 696 1537 “
704 1493 891 1566 ζ’53Ρί8115,
908 1515 976 1566 qui
990 1515 1120 1552 omnia
1130 1514 1204 1552 rei-

78 1569 248 1620 publicae
262 1582 380 1607 causa
396 1569 636 1621 suscipienda
650 1569 817 1620 pericula
830 1569 996 1620 putabit,
1011 1582 1109 1620 saepe
1123 1569 1206 1619 ipse

77 1636 212 1661 secum
227 1624 279 1661 sic
291 1624 497 1676 loquetur:
529 1628 542 1646 ⁶
554 1624 646 1662 Non
657 1623 755 1660 mihi
767 1623 849 1671 soli,
867 1623 932 1661 sed
944 1623 1073 1671 etiam,
1089 1630 1206 1674 atque

83 1677 178 1716 adeo
195 1678 321 1716 multo
339 1679 480 1730 potius,
501 1686 614 1716 natus
633 1690 720 1716 sum
738 1678 898 1738 pattiaeg
928 1678 1021 1725 vita,
1042 1691 1129 1728 quae
1146 1677 1206 1714 fa-

77 1739 124 1770 ·to
143 1731 316 1782 debetur,
337 1733 451 1770 saluti
469 1733 602 1784 patriae
619 1732 863 1783 potissimum
882 1732 1060 1770 solvatur.
1089 1731 1208 1769 Aluit

76 1786 168 1824 ‘iiaec
186 1799 273 1825 me:
303 1794 385 1825 tute
403 1795 519 1838 atque
535 1787 692 1825 honeste
709 1785 892 1837 produxit
909 1799 1032 1837 usque
1044 1785 1094 1823 ad
1107 1786 1208 1823 hanc

78 1847 264 1879 ·aetatem:
294 1842 437 1879 muniit
454 1854 558 1879 meas
577 1841 740 1878 rationes
750 1840 860 1878 bonis
873 1840 1036 1891 legibus,
1051 1839 1208 1891 optimis

84 1895 274 1944 moribus,
294 1895 567 1934 honestissimis
586 1894 806 1946 disciplinis.
845 1894 955 1941 Quid
973 1902 1042 1942 est,
1063 1893 1167 1946 quod
1185 1906 1210 1931 a

82 1961 152 1987 me
170 1949 259 1987 satis
277 1950 312 1988 ei
329 1950 493 2001 pei-sobi
510 1950 642 2001 possit,
669 1949 772 1986 unde
791 1949 874 1986 haec
899 1956 1052 2000 accepta
1071 1955 1159 1986 sunt
1174 1947 1208 1985 ξ’

86 2002 197 2050 Quia
214 2003 296 2042 haec
312 2004 484 2055 loquitur
502 2017 631 2041 secum
650 2003 812 2054 sapiens,
833 2015 932 2054 saepe
951 2015 1021 2053 ego
1043 2003 1083 2039 in
1110 2001 1212 2052 peri-

89 2057 188 2096 culis
206 2058 424 2109 reipublicae
441 2058 596 2095 nullum
613 2058 695 2109 ipse
711 2057 926 2107 periculum
944 2056 1069 2107 fugiss'
1109 2056 1212 2094 Item

90 2119 266 2149 mutatur
283 2125 342 2150 1oe
360 2111 570 2159 tractando,
591 2112 623 2149 si
640 2111 851 2149 traducitux
878 2110 929 2148 ad
953 2109 1213 2148 exsuscitatio-

91 2176 198 2215 nem,
224 2178 315 2205 cum
333 2173 371 2204 et
388 2178 458 2204 nos
475 2166 657 2204 commoti
675 2165 797 2203 dicere
815 2164 1028 2212 videamur,
1049 2171 1086 2201 et
1103 2164 1214 2202 audi-

85 2219 185 2260 toris
215 2220 404 2265 animum
425 2232 737 2270 commovemuS,
763 2218 842 2258 sic:
872 2221 903 2242 ‘⁶
923 2218 1024 2267 Quis
1051 2224 1109 2256 est
1133 2224 1216 2258 tam
