1466 2458
174 93 229 133 20
498 88 763 140 ORATOR,
793 89 900 130 cst.
919 87 986 130 22

179 214 340 255 perque,
358 201 401 239 in
414 200 522 240 omni
535 207 645 253 parte
662 198 860 249 orationis,
878 207 925 240 ut
937 200 1043 249 vitae,
1058 198 1155 252 quid
1168 199 1314 262 douae,

180 265 239 296 est
265 255 610 296 considerandum.
646 255 752 307 quod
780 263 819 294 et
844 256 886 294 in
912 268 968 304 re,
995 254 1045 294 de
1069 255 1150 307 qua
1173 254 1317 307 agitur,

179 311 352 364 positum
380 318 451 359 est,
479 318 517 349 et
541 311 582 348 in
608 310 782 362 personis
806 309 1254 362 eteorumquidicunt,
1280 318 1319 349 et

181 378 316 405 eorum
346 365 416 417 qui
439 339 621 403 ⁹audiunt.
663 364 804 417 Itaque
831 365 937 403 hunc
964 365 1111 411 locum,
1140 365 1257 417 longe
1281 372 1321 404 et

179 421 259 459 late
280 427 493 472 patentem,
521 419 742 482 philosophi
769 420 892 458 solent
917 419 958 458 in
984 418 1118 458 officiis
1142 426 1318 467 tractare,

183 487 263 514 non
290 487 382 514 cum
408 474 457 513 de
483 482 587 514 recto
613 474 709 536 ipso
725 474 925 526 disputant
951 477 1062 517 (nam
1092 473 1134 512 id
1159 473 1320 537 quidm!

182 542 310 568 unum
329 536 418 577 est),
437 529 680 581 grammatici
698 529 740 567 in
758 529 896 582 poe'tiS,
917 528 1167 581 eloquentes
1156 541 1199 567 m
1212 529 1321 568 omni

184 592 223 623 et
241 596 379 636 genere
398 591 435 622 et
453 592 561 636 parte
579 596 796 622 causarum.
827 582 962 632 Quam
977 583 1082 622 enim
1095 583 1322 622 indecorum

184 646 256 688 est,
287 639 336 678 de
365 638 567 677 stillicidiis
592 651 683 677 cum
711 638 818 690 apud
845 650 973 676 unum
999 638 1173 688 judicem
1201 638 1321 688 dim,

183 693 434 745 amplissimis
452 693 576 732 verbis
596 705 634 731 et
651 693 744 732 locis
763 693 823 731 uti
845 693 1141 739 communibus3
1171 692 1220 732 de
1237 706 1325 732 ma·

181 749 320 798 jestate
344 748 480 800 populi
503 748 676 787 Romani
701 747 891 787 submisse
915 754 954 786 et
978 747 1196 787 subtiliter!
1241 748 1326 788 Hic

216 816 326 842 enere
345 811 424 841 toto
441 816 454 848 ς

186 816 215 854 g
241 857 388 896 XXII.
417 864 458 895 at
486 856 649 909 persona
677 857 745 896 alii
761 864 935 909 peccant,
961 865 1031 896 aut
1057 856 1143 906 sua,
1169 864 1238 897 aut
1259 859 1326 909 ju-

187 911 335 961 dicum,
357 920 425 950 aut
444 912 560 950 etiam
579 911 910 958 adversariorum3
939 925 1010 951 nec
1028 925 1072 951 ro
1094 913 1237 961 solum,
1257 912 1325 952 sed

188 979 289 1018 saepe
307 968 436 1005 verbo.
472 966 574 1014 Etsi,
595 967 676 1005 sine
696 980 750 1014 re,
772 967 882 1005 nulla
900 966 957 1005 vis
975 967 1084 1006 verbi
1102 975 1173 1011 est,
1193 975 1325 1007 tamen

189 1022 326 1060 eadem
343 1034 403 1060 res
422 1034 523 1073 saepe
541 1030 609 1060 aut
622 1023 809 1073 probatur
823 1030 892 1060 aut
905 1021 1090 1072 rejicitur,
1119 1022 1197 1060 alio
1209 1030 1328 1076 atque

189 1076 266 1115 alio
285 1077 386 1115 elata
405 1078 532 1115 verbo.

243 1131 295 1169 In
325 1131 584 1193 omnibusque
611 1132 728 1169 rebus
759 1130 972 1170 videndum
1005 1138 1075 1179 ωε,
1106 1138 1325 1184 quatenus.

189 1185 260 1224 etsi
278 1185 380 1224 enim
401 1198 494 1224 suus
512 1185 652 1237 cuique
670 1185 810 1224 modus
828 1192 899 1234 est,
919 1193 1049 1224 tamen
1067 1187 1194 1238 magis
1207 1187 1329 1227 offen-

190 1240 248 1278 dit
272 1240 455 1289 nimium,
480 1253 600 1292 quam
622 1253 776 1292 parum.
818 1240 868 1278 In
887 1253 966 1293 quo
983 1240 1147 1293 Apelles
1163 1242 1329 1294 pictores

190 1307 347 1347 quoque
366 1309 428 1334 eos
447 1308 601 1346 peccare
626 1295 791 1343 dicebat,
818 1295 888 1347 qui
911 1308 990 1334 non
1013 1295 1211 1345 sentirent,
1232 1297 1331 1350 quid

191 1358 288 1388 esset
318 1350 420 1388 satis.
461 1349 638 1401 Magnus
667 1357 724 1388 est
751 1350 859 1388 locus
887 1349 965 1398 hic,
992 1350 1119 1389 Brute
1143 1353 1188 1404 (q
1188 1351 1268 1390 uod
1291 1361 1333 1393 te

191 1416 271 1443 non
302 1404 448 1456 fugit„
483 1412 521 1442 et
547 1416 737 1456 magnum
765 1405 949 1443 volumen
977 1404 1086 1444 aliud
1111 1365 1329 1448 desiderum

191 1458 259 1497 sed
277 1458 328 1497 ad
345 1459 400 1507 id,
421 1459 527 1511 quod
546 1459 688 1510 agitur,
716 1459 817 1497 illud
836 1460 938 1498 satis.
980 1459 1085 1499 Cum
1102 1460 1177 1500 hoc
1194 1463 1333 1502 decere

194 1513 318 1565 (quod
335 1526 486 1566 semper
504 1526 739 1565 usurpamus
757 1514 798 1552 in
818 1514 1000 1554 omnibus
1018 1514 1130 1554 dictis
1148 1522 1187 1554 et
1203 1515 1341 1567 factis,

191 1568 366 1608 minimis
385 1577 423 1607 et
438 1568 655 1616 maximis),
682 1581 771 1607 cum
797 1569 884 1618 hoc,
911 1570 1090 1622 inquam,
1112 1571 1250 1611 decere
1270 1572 1332 1612 di·
1340 1587 1343 1590 ⁴

193 1635 341 1671 camus,
354 1623 454 1662 illud
465 1637 546 1662 non
556 1625 704 1672 decere,
720 1631 758 1662 et
771 1623 812 1662 id
826 1637 1121 1677 usquequaque,
1136 1633 1332 1678 quantum

194 1677 258 1726 sit,
288 1685 496 1730 appaream
532 1678 573 1716 in
601 1679 755 1730 alioque
781 1688 961 1730 ponatur,
991 1679 1176 1732 aliudque
1202 1688 1331 1722 totum

193 1732 257 1781 sit,
277 1740 412 1771 utrum
431 1735 580 1781 decere,
601 1746 651 1771 an
670 1740 844 1783 oportere
857 1734 982 1781 dioes;
1004 1736 1196 1787 (oportere
1209 1737 1331 1788 enirn,

194 1787 468 1839 perfectionem
487 1761 655 1826 declarat
672 1787 801 1837 officii,
821 1796 901 1841 quo
919 1797 957 1828 et
975 1801 1128 1841 semper
1139 1791 1333 1832 utendum

196 1850 267 1891 est,
288 1850 327 1881 et
343 1842 549 1882 omnibus·
575 1843 720 1890 decere,
741 1844 852 1896 quasi
870 1851 1009 1896 aptum
1022 1856 1116 1891 oese,
1132 1854 1334 1886 mnsenta-

195 1909 393 1959 neumque
419 1897 585 1949 tempori
611 1905 648 1936 et
674 1911 870 1950 personae,
892 1898 1012 1951 quod,
1038 1910 1129 1937 cum
1155 1899 1197 1938 in
1221 1900 1346 1942 faeda·

195 1952 419 2004 saepissime,
439 1960 526 1990 tum
544 1952 587 1990 in
605 1952 897 2001 dictis,va1et‚
886 1967 927 1992 m
950 1954 1063 1992 vultu
1088 1953 1271 2007 denique,
1295 1964 1335 1996 et

195 2015 322 2058 gestu,
341 2014 380 2045 et
397 2007 546 2046 incessu
560 2014 592 2054 3)
618 2016 828 2060 contraque
852 2008 947 2047 item
973 2010 1180 2047 dedecere.-
1209 2011 1335 2073 (quod

196 2061 230 2099 si
246 2066 363 2113 pot-'ta
379 2061 482 2113 fugit
499 2070 544 2100 ut
561 2062 781 2100 maximum
797 2063 950 2110 vitium,
966 2063 1036 2115 qui
1053 2071 1186 2115 peccat
1201 2066 1333 2115 etiam,

195 2128 287 2154 cum
304 2118 468 2178 probam
487 2117 697 2156 orationem
717 2117 866 2169 affingit
884 2118 1075 2170 improbo,
1096 2119 1262 2159 stultove
1274 2133 1338 2160 sa-

194 2171 360 2221 pientis-
349 2200 361 2215 ,
392 2171 423 2210 si
442 2171 610 2224 denique
627 2171 750 2224 pictor
768 2172 834 2211 ille
853 2172 962 2220 vidit,
983 2185 1073 2212 cum
1093 2172 1336 2215 immolanda

196 2225 403 2278 Iphigenia
421 2226 537 2266 tristis
552 2226 716 2267 Calchas
734 2236 844 2275 esset,
860 2228 1030 2268 moestior
1045 2227 1218 2279 Ulyaeoe,
1238 2242 1342 2270 moee
