1456 2396
367 367 451 421 M.
479 366 762 422 TULLII
803 365 1236 422 CICERONIS
1252 420 1255 422 ,

768 518 832 546 DE

244 628 816 692 PARTITIONE
867 607 1360 691 ORATORIA

593 783 1014 837 DIALOGUS.

708 966 894 1005 -φ-

457 1109 594 1149 Cicero
612 1111 753 1158 Pater,
774 1114 810 1148 et
833 1110 969 1149 Cicero
987 1108 1134 1147 Filius.

291 1218 325 1257 Ι.
353 1221 499 1258 Filius.
529 1221 688 1269 Studeo,
717 1222 774 1260 mi
798 1230 920 1274 pater,
946 1221 1087 1260 Latine
1105 1233 1154 1260 ex
1172 1225 1210 1259 te
1228 1219 1361 1259 audire

235 1287 293 1321 ea,
315 1287 403 1326 quae
416 1275 515 1313 mihi
533 1283 575 1313 tu
596 1276 643 1314 de
662 1277 808 1319 mtione
822 1276 974 1315 dicendi
989 1276 1123 1314 Graece
1141 1274 1356 1319 tradidisti;

233 1329 266 1366 si
285 1329 400 1367 modo
419 1329 489 1367 tibi
509 1338 564 1368 est
579 1330 716 1379 otium,
737 1339 775 1369 et
794 1331 825 1369 si
845 1331 913 1369 vis.
957 1332 1094 1369 Pater.
1123 1329 1193 1368 An
1212 1337 1282 1378 δὲ,
1302 1329 1359 1368 mi

234 1382 382 1432 Cicero,
403 1384 508 1435 quod
520 1397 590 1436 ego
604 1385 755 1432 malim,
776 1398 895 1438 quam
910 1392 947 1424 te
961 1398 1082 1438 quam
1095 1383 1359 1424 doctissimum

234 1440 345 1476 esse?
377 1437 516 1476 Otium
536 1449 666 1478 autem
681 1440 854 1492 primum
869 1452 1069 1479 summum
1083 1446 1153 1488 est,
1173 1438 1359 1491 quoniam

233 1492 443 1544 aliquando
468 1493 599 1532 Roma
625 1494 793 1532 exeundi
817 1502 983 1546 potaetae
1001 1493 1092 1533 data
1110 1501 1191 1532 oet:
1221 1492 1361 1531 deinde

234 1546 308 1584 ista
326 1554 394 1585 tua
412 1547 539 1586 studia
550 1548 611 1586 vel
623 1548 805 1587 maximis
818 1548 1130 1600 occupationibus
1142 1547 1239 1587 meis
1253 1554 1362 1586 ante-

232 1600 373 1639 ferrem
386 1601 562 1641 libenter.
591 1604 737 1641 Filius.
751 1603 873 1642 Visne
883 1603 1016 1655 igitur,
1029 1610 1074 1641 ut
1087 1609 1130 1641 tu
1144 1615 1208 1641 me
1224 1601 1360 1641 Graece

233 1656 330 1694 soles
344 1655 476 1694 ordine
494 1657 740 1709 interrogare,
761 1657 814 1697 sic
832 1671 903 1710 ego
917 1665 955 1696 te
973 1657 1140 1696 vicissim
1153 1656 1298 1696 eisdem
1312 1655 1361 1694 de

233 1711 348 1748 rebus
377 1709 517 1749 Latine
542 1711 775 1764 interrogem
790 1714 808 1751 Ρ
838 1714 976 1751 Pater.
1005 1712 1120 1761 Sane,
1148 1711 1180 1750 si
1206 1711 1358 1763 placet:

232 1763 287 1802 sic
305 1763 409 1802 enim
429 1774 466 1803 et
485 1779 555 1816 ego
580 1774 618 1804 te
643 1766 865 1806 meminisse
889 1766 1120 1818 intelligam,
1147 1779 1237 1818 quae
1254 1778 1360 1804 acce-

232 1818 350 1869 pisti;
380 1826 418 1856 et
446 1827 490 1857 tu
523 1820 656 1858 ordine
687 1820 834 1869 audies,
866 1835 954 1874 quae
986 1821 1168 1873 requiroe.
1211 1821 1358 1858 Filius.

233 1872 342 1920 Quot
366 1872 407 1910 in
431 1881 557 1924 partes
583 1874 847 1914 distribuenda
871 1883 928 1914 est
952 1875 1077 1914 omnis
1104 1873 1277 1914 doen-ina
1300 1873 1360 1912 di-

233 1927 376 1965 cendi?
406 1928 544 1966 Pater.
566 1929 616 1967 In
635 1938 722 1968 tres.
751 1931 897 1968 Filius.
919 1929 1040 1978 Cedo,
1060 1943 1158 1982 quas
1171 1931 1189 1968 ?
1219 1929 1358 1967 Pater.

233 1981 415 2019 Primum
433 1982 474 2020 in
493 1983 618 2035 ipsam
638 1983 718 2022 vim
733 1984 905 2032 oratoris,
925 1983 1063 2022 deinde
1076 1984 1116 2022 in
1131 1981 1358 2031 orationem,

231 2042 319 2073 tum
348 2035 390 2074 in
420 2037 683 2088 quaestionem.
719 2040 866 2077 Filius.
898 2038 950 2077 In
974 2051 1053 2090 quo
1078 2045 1135 2077 est
1158 2037 1243 2090 ipsa
1268 2037 1325 2075 vis
1340 2039 1358 2076 ‚⁹

235 2091 373 2128 Pater.
395 2089 445 2128 In
463 2093 592 2140 rebus,
613 2101 650 2131 et
669 2093 806 2132 verbis.
854 2092 931 2132 Sed
949 2101 987 2131 et
1001 2106 1074 2139 res,
1094 2100 1133 2131 et
1150 2093 1280 2138 verba,
1299 2091 1360 2129 in-

231 2144 419 2183 venienda
441 2155 545 2194 sunt,
573 2154 610 2185 et
629 2147 862 2186 collocanda.
911 2146 1072 2198 Proprie
1091 2152 1222 2185 autem
1240 2145 1282 2183 in
1300 2158 1360 2184 re-

230 2199 304 2238 bus
335 2198 520 2252 invenire,
555 2200 595 2240 in
628 2201 753 2242 verbis
782 2201 925 2256 eloqui,
964 2201 1114 2243 dicitur.
1162 2200 1361 2241 Collocare
