1456 2396
458 387 1113 456 RHETORICORUM‚

769 533 830 561 AD

396 648 1221 724 C.HERENN1UM,

549 808 726 847 LIBER
754 806 1063 846 SECUNDUS.

734 984 881 1020 -φ-

314 1157 349 1196 Ι.
379 1157 436 1196 IN
455 1157 592 1217 primo.
595 1156 706 1202 libro,
728 1156 913 1203 Herenni,
926 1155 1089 1193 breviter
1107 1155 1363 1206 exposuimus,

262 1225 357 1263 quas
376 1224 505 1249 causas
523 1211 684 1261 recipere
703 1217 887 1248 oratorem
905 1215 1103 1260 oporteret,
1120 1217 1157 1247 et
1169 1209 1209 1246 in
1228 1209 1367 1261 quibus

264 1266 394 1304 officiis
413 1265 502 1303 artis
521 1264 710 1302 elaborare
728 1263 954 1324 conveniret,
976 1270 1012 1300 et
1026 1276 1070 1300 ea
1087 1262 1208 1301 officia
1221 1263 1369 1314 quara-

263 1319 364 1357 tione
383 1318 561 1356 facillime
581 1317 758 1368 consequi
776 1323 910 1367 posset.
950 1316 1113 1364 Verum,
1135 1317 1225 1368 quia
1248 1329 1372 1368 neque

267 1372 314 1410 de
332 1372 510 1410 omnibus
529 1373 640 1409 rebus
661 1371 775 1408 simul
792 1370 865 1409 dici
882 1376 1042 1421 poterat,
1063 1377 1100 1408 et
1124 1370 1172 1408 de
1194 1371 1374 1409 maximis

266 1426 438 1477 primum
468 1425 708 1464 scribendum
736 1424 823 1472 fuit,
850 1437 926 1475 quo
956 1430 1089 1462 caetera
1114 1424 1184 1462 tibi
1209 1424 1377 1463 faciliora

267 1480 422 1530 cognitu
451 1479 691 1524 viderentur3
719 1478 773 1516 ita
799 1478 907 1516 nobis
933 1477 1117 1528 placitum
1144 1484 1213 1525 est,
1242 1484 1287 1516 ut
1316 1491 1374 1528 ω,

270 1547 357 1585 quae
376 1533 599 1571 difficillima
617 1539 751 1579 essent,
770 1532 1011 1583 potissimum
1030 1532 1359 1570 conscriberemus.

325 1587 537 1625 Causarum
556 1586 628 1624 tria
646 1593 734 1624 sunt
751 1598 901 1636 genera,
918 1585 1269 1634 demonstrativum,
1285 1585 1378 1624 deli-

270 1640 498 1688 berativum,
516 1640 706 1689 judiciale.
746 1639 878 1677 Multo
897 1638 1166 1676 difficillimum
1195 1646 1250 1677 oet
1275 1639 1378 1689 judi-

274 1695 379 1733 ciale.
409 1694 514 1744 Ergo
528 1694 568 1731 id
581 1694 750 1745 primum
762 1693 1011 1731 absolvemus.
1042 1693 1129 1730 Hoc
1140 1699 1177 1730 et
1193 1693 1316 1743 priore
1332 1694 1381 1731 li-

273 1751 343 1787 bro
363 1748 525 1799 egimuS,
546 1761 634 1785 cum
653 1747 700 1784 de
719 1747 888 1798 quinque
906 1746 1061 1784 oratoris
1089 1745 1218 1784 officiis
1245 1754 1382 1785 tracta-

275 1815 417 1850 remus,
439 1814 603 1852 quorum
622 1801 788 1839 inventio
807 1808 844 1838 et
862 1800 986 1851 prima
1010 1807 1046 1838 et
1073 1799 1296 1838 difficillima
1316 1808 1383 1839 est.

276 1856 338 1894 Ea
356 1868 508 1907 quoque
526 1855 634 1893 nobis
653 1855 723 1892 erit
739 1855 811 1892 hoc
829 1854 870 1891 in
895 1854 993 1892 libro
1018 1853 1295 1905 propemodum
1319 1856 1386 1894 ab-

279 1910 429 1954 soluta;
453 1916 489 1946 et
513 1921 670 1959 parvam
689 1916 838 1960 partem
858 1908 939 1956 ejus
963 1907 1003 1944 in
1028 1907 1184 1945 tertium
1208 1907 1388 1946 volumen

278 1963 559 2001 transferemus.
615 1961 678 2000 De
708 1975 773 2001 sex
804 1961 975 2012 partibus
1007 1960 1185 1999 orationis
1216 1961 1388 2012 primum

281 2017 441 2055 scribere
458 2015 681 2076 incepimus.
725 2016 775 2053 In
788 2015 914 2066 primo
931 2015 1029 2053 libro
1046 2013 1164 2052 locuti
1192 2027 1325 2053 sumus
1342 2015 1390 2055 de

284 2070 451 2118 exordio,
471 2069 697 2117 narratione,
721 2069 931 2114 divisione3
960 2081 1029 2106 nec
1053 2068 1229 2119 pluribus
1252 2068 1389 2119 verbis,

284 2137 403 2175 quam
421 2136 568 2162 necesse
584 2122 673 2170 fuit,
693 2135 762 2162 nee
780 2122 909 2161 minus
918 2097 1101 2167 dilucide,
1115 2133 1234 2172 quam
1246 2128 1285 2160 te
1298 2123 1395 2161 velle

285 2178 606 2216 existimabamus.
636 2176 788 2215 Deinde
806 2175 1039 2226 conjunctim
1053 2175 1101 2214 de
1114 2174 1397 2215 confirmatione
