1456 2396
137 106 219 146 234
246 103 331 144 AD
351 100 735 151 HERENNIUM,
757 101 857 141 Lm.
875 99 953 141 IV.
973 99 1079 142 C‘AP.
1094 100 1164 141 26.

140 215 192 254 ad
222 213 430 267 imperium
462 211 623 251 Graeciae
652 212 761 251 brevi
792 218 965 263 tempore
999 210 1262 261 adjunxerunt

143 270 284 308 Asiam
301 268 403 307 bello
422 267 662 306 subactam.''
705 267 838 305 Habet
854 266 896 303 in
915 278 955 304 se
973 265 1182 316 quemdam
1204 267 1263 306 le-

144 337 278 376 porem
297 321 498 374 superioris
513 323 699 374 cujusque
712 323 843 359 crebra
855 318 1029 372 repetitio
1043 321 1163 372 verbi,
1177 335 1268 374 quae

145 378 301 431 propria
319 384 375 415 est
392 377 509 426 hujus
528 375 795 415 exornationis.

201 431 388 470 Definitio
402 438 472 479 est,
488 444 576 483 quae
590 431 643 468 rei
658 430 818 480 alicujus
836 427 1008 481 proprias
1026 429 1270 481 amplectitur

145 494 350 538 potestates
367 485 531 524 breviter
549 493 587 524 et
605 485 790 533 absolute,
810 484 884 522 hoc
900 482 1040 522 modo:
1073 485 1102 506 “
1121 483 1270 534 Majae-

147 549 206 579 tas
224 540 444 592 reipublicae
462 547 531 587 est,
558 539 599 577 in
618 539 696 591 qua
714 539 929 577 continetur
947 537 1112 589 dignitas
1130 545 1169 577 et
1186 551 1272 576 am-

148 595 301 648 plitudo
331 594 533 634 civitatis.”
569 594 686 641 Item,
718 595 746 614 “
764 593 924 642 Injuriae
953 600 1057 640 sunt,
1088 605 1176 644 quae
1204 599 1274 631 aut

149 650 367 702 pulsatione
379 662 530 701 corpus,
551 656 619 686 aut
633 647 801 686 convicio
819 660 943 694 aures,
964 654 1032 684 aut
1043 646 1174 699 aliqua
1191 654 1273 685 tur-

151 704 327 756 pitudine
345 703 479 751 vitam,
504 703 721 754 cujuspiam
746 702 932 741 violant-'⁹
980 701 1098 748 Item,
1128 703 1157 724 “
1177 701 1273 740 Non

151 766 210 797 est
226 759 300 797 ista
322 757 532 810 diligentia,
554 757 619 796 sed
638 756 821 803 avaritia;
850 756 935 794 ideo
953 756 1058 808 quod
1074 755 1276 808 diligentia

154 821 211 852 est
235 820 411 852 accurata
435 812 666 851 conservatio
685 824 869 857 suorum3
900 810 1072 858 avaritia,
1091 810 1277 861 injuriosa

98 876 100 878 '
153 867 339 919 appetitio
368 867 623 906 alienorum.''
665 866 782 914 Item,
818 868 848 888 “
874 865 966 903 Non
996 872 1052 903 αεὶ
1079 865 1152 904 ista
1168 864 1278 904 forti-

155 922 264 969 tudo,
300 922 366 960 sed
393 921 608 967 temeritas3
643 928 840 972 propterea
871 919 976 972 quod
1005 918 1190 958 fortitudo
1221 927 1277 959 oet

156 977 359 1016 contemtio
377 976 515 1014 laboris
534 983 571 1013 et
588 975 746 1027 periculi
765 987 854 1013 cum
872 974 1017 1012 ratione
1035 974 1222 1023 utilitatis,
1241 982 1280 1014 et

154 1031 459 1082 compensatione
478 1029 767 1069 commodorum
785 1043 795 1066 :
816 1029 1006 1067 temeritas
1025 1035 1094 1076 aet,
1113 1041 1203 1068 cum
1220 1029 1281 1068 in-

156 1085 389 1124 considerata
407 1085 584 1123 laborum
606 1083 857 1136 perpessione,
888 1083 1112 1134 gladiatoria
1132 1084 1282 1135 pericu-

157 1141 285 1178 lorum
304 1139 530 1191 susceptio.”
561 1139 658 1176 Haec
676 1138 761 1176 ideo
780 1137 980 1176 commoda
997 1144 1155 1188 putatur
1172 1151 1282 1177 exor-

157 1194 274 1241 natio,
300 1194 405 1245 quod
428 1206 582 1232 omnem
602 1193 656 1231 rei
673 1192 887 1243 cujuspiam
906 1191 985 1229 vim
1004 1199 1042 1230 et
1058 1199 1283 1243 potestatem

156 1249 211 1288 ita
235 1248 401 1286 dilucide
424 1247 615 1300 proponit,
643 1255 680 1285 et
703 1247 864 1285 breviter
887 1246 1066 1298 explicat,
1091 1254 1136 1285 ut
1159 1259 1284 1300 neque

156 1303 333 1355 pluribus
352 1303 474 1342 verbis
498 1302 706 1354 oportuisse
731 1301 806 1340 dici
830 1299 1016 1349 videatur,
1042 1313 1167 1354 neque
1186 1302 1284 1342 luci.

158 1358 244 1396 dius
262 1357 428 1409 potuisse
446 1357 520 1396 dici
539 1364 706 1408 putetur.

213 1412 375 1451 XXVI.
397 1411 590 1450 Transitio
610 1419 777 1458 vocatur,
798 1423 900 1462 quae,
920 1422 1010 1449 cum
1023 1411 1186 1451 ostendit
1198 1413 1284 1453 bre-

159 1467 269 1513 viter,
296 1466 390 1518 quid
415 1466 560 1504 dictum
587 1466 648 1512 sit,
673 1465 851 1517 proponit
873 1465 965 1503 item
989 1467 1095 1504 brevi
1114 1467 1209 1519 quid
1226 1481 1283 1507 se-

159 1530 314 1573 quatur,
340 1521 412 1560 hoc
435 1521 574 1559 modo:
607 1524 635 1543 “
652 1520 701 1558 In
727 1519 890 1572 patriam
915 1520 1130 1570 cujusmodi
1153 1521 1282 1571 fuerit,

160 1576 332 1614 habetis:
363 1588 466 1614 nunc
484 1576 524 1613 in
548 1582 720 1627 parentes
744 1574 868 1627 qualis
893 1574 1090 1623 exstiterit,
1116 1577 1285 1616 conside-

160 1630 282 1668 rate-’⁹
323 1630 439 1677 Item,
471 1634 499 1653 “
521 1630 615 1668 Mea
640 1630 679 1667 in
703 1629 821 1667 istum
839 1629 1021 1667 beneficia
1038 1631 1283 1681 cognoscitis:

161 1697 278 1730 nunc,
295 1684 487 1736 quomodo
505 1684 575 1723 iste
592 1684 689 1722 mihi
708 1683 870 1735 gratiam
884 1683 1068 1731 retulerit,
1087 1685 1286 1737 accipite.'’

163 1738 320 1777 Proficit
349 1739 430 1778 haec
459 1739 745 1791 aliquantulum
775 1737 971 1776 exornatio
999 1738 1048 1776 ad
1077 1739 1172 1778 duas
1201 1753 1260 1780 τω
1273 1757 1286 1780 :

161 1805 254 1831 nam
268 1801 319 1840 et,
336 1794 430 1845 quid
444 1793 596 1843 dixerit,
616 1799 846 1840 commonet,
866 1799 904 1831 et
917 1791 967 1830 ad
980 1792 1174 1846 reliquum
1185 1807 1290 1834 com-

164 1855 274 1899 parat
293 1847 517 1886 auditorem.

217 1901 409 1940 Correctio
434 1910 503 1947 est,
530 1915 618 1954 quae
641 1901 742 1940 tollit
765 1901 819 1949 id,
840 1900 944 1953 quod
970 1901 1116 1941 dictum
1145 1911 1215 1953 ωε,
1234 1912 1288 1955 et,

162 1969 233 2008 pro
251 1969 310 2004 eo,
329 1956 383 2004 id,
401 1956 504 2008 quod
518 1956 641 2008 magis
655 1957 837 1995 idoneum
856 1956 1018 2004 videtur,
1039 1959 1200 2009 reponit,
1219 1959 1293 2000 hoc

163 2019 300 2062 pacto:
333 2014 362 2034 “
382 2010 501 2059 Quod
519 2011 550 2049 si
569 2012 638 2049 iste
660 2024 747 2049 suos
770 2011 936 2062 hospites
960 2011 1141 2062 rogasset,
1170 2014 1294 2054 immo

165 2065 351 2104 innuisset
381 2065 510 2113 modo,
547 2065 619 2103 hoc
655 2065 765 2103 facile
800 2065 931 2116 perfici
961 2067 1127 2117 posset.”
1174 2067 1291 2118 Item,

165 2122 196 2142 “
213 2120 334 2166 Nam,
347 2127 551 2172 postquam
566 2120 629 2158 isti
643 2120 827 2165 vicerunt,
836 2127 952 2171 atque
965 2119 1059 2159 adeo
1072 2120 1162 2160 victi
1175 2131 1291 2170 sunt3

167 2187 251 2212 eam
282 2175 476 2225 quomodo
504 2174 698 2213 victoriam
729 2174 934 2226 appellem,
968 2187 1056 2225 quae
1088 2175 1292 2216 victoribus

166 2229 254 2279 plus
278 2229 502 2270 calamitatis
526 2242 645 2282 quam
671 2229 760 2269 boni
788 2227 933 2268 dederit
947 2229 994 2275 ?’,’
1025 2231 1054 2253 “
1074 2228 1113 2270 O
1144 2230 1295 2272 virtutis
