1456 2396
235 93 287 132 66
559 88 816 139 ORATOR,
838 88 948 130 CAP.
959 90 1025 129 68.

217 213 329 239 mum
347 199 472 238 illud:
502 212 594 238 nam
613 199 653 238 in
671 199 732 249 iis,
752 199 908 252 quibus,
928 205 974 237 ut
997 198 1257 250 pugiunculis,
1278 200 1337 238 uti

218 262 381 306 oportet,
394 254 558 293 brevitas
568 253 680 292 facit
669 267 751 306 lpsa
761 253 954 291 liberiores
963 253 1090 304 pedes
1111 253 1222 304 Saepe
1233 253 1336 291 enim

218 309 380 359 singulis
398 308 587 347 utendum
605 315 674 357 est,
700 309 929 359 plerumque
949 307 1064 356 binis,
1086 309 1141 350 (et
1164 307 1338 359 utrisque

219 363 310 401 addi
327 362 434 414 pedis
452 376 540 414 pars
558 369 696 414 potest)
716 374 794 400 non
812 361 891 399 fere
908 361 1024 399 ternis
1042 361 1221 412 3111Ρ11ι15.

274 416 434 455 Incisim
452 424 581 454 autem
601 423 638 454 et
655 416 901 454 membratim
917 422 1038 453 tracta
1051 415 1170 453 oratio
1184 415 1225 453 in
1240 415 1338 454 veris

219 471 341 510 causis
370 471 584 522 plurimum
613 471 726 518 valet,
757 469 1004 521 maximeque
1031 468 1092 507 his
1115 469 1221 518 locis,
1248 482 1338 508 cum

220 532 288 563 aut
305 538 456 576 arguas,
477 532 544 563 aut
561 524 735 571 refellas;
765 531 810 561 ut
827 531 955 562 nostra
972 523 1014 561 in
1017 523 1262 562 'Corneliana
1279 537 1338 562 se-

219 579 361 627 cunda,
391 581 420 602 “
436 578 476 618 O
494 578 649 618 callidos
666 578 869 616 homines.
860 578 868 603 1
901 577 939 616 Ο
954 590 1036 615 16111
1056 577 1335 628 excogitatam.
1325 577 1335 603 1

221 632 290 672 O
279 633 433 694 111861113
449 632 711 672 metuenda!”
740 631 994 670 Membratim
1019 631 1170 670 adhuc.
1200 631 1339 670 deinde

219 687 347 726 6351111
365 687 546 726 diximus.
576 687 727 725 Rursus
745 685 1007 747 membratim,
1038 688 1066 708 “
1086 685 1222 724 Testes
1247 685 1338 724 dare

219 742 440 781 volumus.”
472 741 662 780 Extrema
679 740 851 792 sequitur
869 738 1168 790 comprehensio,
1196 739 1264 778 sed
1289 752 1338 778 ex

219 795 372 834 duobus
413 795 611 844 membris,
653 795 732 846 qua
768 806 846 832 non
889 801 1013 845 potaet
1055 806 1136 832 esse
1172 793 1337 841 brevior,

220 851 249 871 “
271 849 415 901 Quem,
436 862 579 902 quaeso,
599 851 772 887 nostrum
789 847 940 897 fefellit,
960 847 1014 885 ita
1031 860 1099 886 vos
1117 860 1197 887 6556
1214 847 1338 887 factu-

220 917 306 942 ros.
297 905 343 931 '³⁹’

271 958 315 996 N
317 971 358 997 ec
375 957 502 996 ullum
521 970 641 1009 genus
660 963 715 996 est
740 955 891 995 dicendi
915 962 983 994 aut
1000 954 1152 1005 melius,
1173 963 1242 995 aut
1259 955 1336 995 for-

217 1012 308 1060 tius,
328 1012 428 1051 binis
447 1019 514 1050 aut
532 1012 648 1050 ternis
671 1011 783 1050 ferire
801 1010 939 1059 verbis,
955 1022 1235 1062 nonnunquam
1260 1010 1337 1048 sin-

215 1067 331 1127 gulis,
351 1066 469 1127 paulo
486 1066 578 1104 alias
597 1066 795 1118 pluribus:
826 1065 924 1103 inter
942 1078 1044 1116 quae,
1063 1063 1176 1102 variis
1188 1065 1338 1103 clausu-

218 1121 265 1159 lis
283 1121 490 1172 interponit
509 1133 547 1158 se
565 1133 650 1158 raro
669 1131 871 1158 numerosa
889 1118 1197 1170 comprehensim
1218 1131 1337 1170 quam

217 1188 390 1226 perverse
414 1174 565 1226 fugiens
585 1174 784 1225 Hegesias,
805 1172 900 1211 dum
925 1172 991 1210 ine
1017 1185 1171 1224 quoque
1195 1173 1338 1211 imitari

217 1229 379 1280 Lysiam
405 1229 502 1275 vult,
532 1229 695 1267 alterum
724 1240 832 1279 paene
862 1226 1179 1275 Demosthenem,
1210 1227 1336 1275 saltat,

216 1283 386 1322 incidens
404 1282 620 1334 particulas.
649 1282 704 1320 Et
721 1282 753 1320 is
773 1281 928 1333 quidem
948 1293 1025 1319 non
1043 1280 1173 1319 minus
1187 1288 1337 1320 senten-

214 1337 278 1376 tiis
296 1345 440 1398 peccat,
461 1349 579 1388 quam
598 1336 748 1382 verbis,
736 1349 747 1360 ·
778 1343 823 1374 ut
840 1348 918 1374 non
943 1341 1104 1387 quaerat,
1125 1348 1243 1386 quem
1268 1348 1336 1386 ap-

215 1392 333 1443 pellet
355 1391 546 1443 ineptum,
573 1391 642 1442 qui
666 1391 780 1428 illum
804 1389 1033 1451 cognoverit.
1071 1389 1149 1428 Sed
1173 1402 1243 1441 ego
1268 1389 1337 1428 1113

217 1445 358 1493 Crassi,
379 1452 416 1484 et
434 1453 562 1483 nostra
579 1445 704 1496 posui,
724 1451 782 1493 ut,
803 1444 872 1495 qui
896 1444 1024 1493 vellet,
1045 1443 1201 1482 auribus
1227 1443 1334 1495 ipsis,

217 1500 313 1560 quid
330 1512 579 1538 numerosum
598 1499 713 1538 etiam
732 1499 773 1537 in
791 1497 963 1537 minimis
981 1497 1177 1550 particulis
1195 1497 1336 1537 oratio-

218 1554 278 1592 nis
298 1560 406 1602 esset,
424 1554 623 1603 judicaret.

272 1608 479 1646 LXVIII.
507 1608 576 1655 Et,
603 1606 787 1668 quoniam
811 1606 925 1658 plura
949 1605 997 1645 (16
1020 1618 1226 1644 numerosa
1250 1618 1335 1644 ora-

216 1663 320 1701 tione
346 1662 529 1709 (1131111115,
559 1674 677 1713 quam
704 1661 909 1713 quisquam
937 1668 1025 1699 ante
1051 1673 1134 1708 nos,
1160 1672 1263 1698 nunc
1288 1660 1336 1698 de
1405 1688 1410 1692 2

217 1717 302 1766 ejus
319 1716 467 1767 generis
485 1716 648 1754 utilitate
666 1715 849 1754 dicemus.
884 1714 998 1753 Nihil
1016 1714 1119 1753 enim
1138 1721 1194 1752 est
1212 1713 1334 1760 aliud,

217 1771 355 1819 Brute,
383 1770 504 1822 (quod
529 1769 685 1822 quidem
710 1777 754 1807 tu
779 1768 941 1808 minime
965 1768 1141 1807 omnium
1165 1768 1335 1819 ignoras)

216 1824 376 1876 pulchre
393 1833 431 1863 et
448 1824 607 1862 oratorie
625 1823 760 1871 dicere,
776 1823 849 1862 nisi
871 1823 1026 1874 optimis
1047 1822 1241 1861 sententiis
1253 1834 1336 1860 ver-

217 1879 353 1930 bisque
376 1878 588 1917 lectissimis
613 1877 747 1916 dicere.
787 1877 843 1916 Et
867 1889 935 1916 nec
960 1876 1146 1915 sententia
1163 1876 1245 1914 ulla
1263 1883 1334 1924 est,

218 1946 306 1984 quae
323 1932 494 1971 fructum
512 1931 650 1972 oratori
674 1931 784 1980 ferat,
804 1931 878 1969 nisi
903 1938 990 1982 apte
1014 1930 1200 1982 exposita,
1219 1936 1336 1981 atque

217 1987 415 2033 absolute3
444 1999 520 2025 1166
528 1988 731 2025 verborum
748 1986 882 2024 lumen
896 1993 1066 2037 apparet,
1082 1984 1155 2022 nisi
1173 1983 1336 2034 diligen-

216 2047 275 2079 ter
293 2041 586 2080 collocatorum.
617 2047 654 2078 et
683 2039 822 2078 horum
847 2047 1055 2100 utrumque
1080 2050 1264 2076 numerus
1288 2037 1336 2075 il-

217 2095 377 2134 lustrat:
408 2107 591 2134 numerus
616 2101 745 2132 autem
765 2096 881 2146 (saepe
906 2093 1010 2133 enim
1027 2092 1099 2131 hoc
1117 2090 1336 2131 testandum

216 2157 288 2210 651)
308 2161 386 2188 11011
404 2149 520 2188 1110ᾶο
537 2160 615 2187 11011
633 2147 780 2199 poetice
795 2148 967 2198 junctus,
987 2159 1121 2185 verum
1139 2145 1255 2184 etiam
1274 2144 1337 2183 fu-

215 2203 322 2255 giens
340 2203 468 2256 illum,
490 2203 600 2257 eique
618 2202 794 2244 omnium
812 2201 1114 2246 dissimillimus:
1132 2202 1228 2245 (non
1241 2198 1338 2252 quin
