1456 2396
219 81 301 122 400
380 82 461 123 DE
487 83 742 134 FINIBUS,
770 82 955 124 1212.st
978 83 1190 126 CAP.18.‘

212 191 345 232 animo
362 200 432 232 aut
449 193 610 232 sollicito
627 193 780 234 fuisse?
810 193 925 234 Nihil
938 194 1096 241 111111113;
1124 201 1350 247 contraque,

211 245 283 284 illa
300 246 522 286 haereditate
539 247 661 297 diveS‚
691 250 741 287 ob
761 261 924 302 eamque
942 261 1024 288 rem
1044 249 1184 288 laetus:
1213 249 1349 301 magni

212 300 318 339 enim
349 302 564 340 aestimabat
594 302 815 354 pecuniam,
847 315 926 342 non
955 302 1073 342 modo
1104 315 1184 342 non
1216 311 1349 342 contra

210 354 330 407 leges,
358 356 424 395 sed
450 357 566 395 etiam
594 357 759 408 legibus,
786 366 964 410 partam.
994 370 1083 409 quae
1103 357 1267 421 quidem
1286 357 1350 396 vel

211 421 304 448 cum
323 410 495 462 periculo
514 419 571 450 331
589 411 797 463 quaerenda
814 412 947 451 vobis:
978 419 1035 450 est
1053 411 1156 450 3111111
1177 411 1348 451 effectrix

210 463 428 503 multarum
447 473 486 503 et
505 478 737 517 magnarum
757 467 1015 519 voluptatum.

266 519 324 557 Ut
340 519 460 570 igitur
477 519 570 568 illis,
591 520 673 572 qui,
701 528 804 559 recta
821 529 859 559 et
876 521 1038 559 honesta
1056 533 1146 572 quae
1164 527 1273 582 sunt,
1301 533 1347 560 ea

210 580 388 612 statuunt
406 586 474 625 per
493 587 534 612 se
555 575 782 626 expetenda,
803 574 979 613 adeunda
998 583 1089 613 sunt
1106 575 1255 626 quaevis
1275 588 1345 627 pe-

210 627 346 676 ricula,
366 627 513 666 decoris
536 628 820 681 honestatisque
847 642 988 674 causa·
1019 628 1072 668 sic
1101 629 1251 678 vestris,
1277 629 1348 681 qui

212 682 345 720 omnia
377 683 574 734 voluptate
601 683 829 731 metiuntur,
849 683 1019 734 pericula
1043 682 1223 722 adeunda
1240 690 1348 733 sunt,

211 744 257 774 ut
289 735 549 788 adipiscantur
574 749 734 788 magnas
758 738 985 789 voluptates.
1028 737 1071 777 Si
1101 749 1246 789 magna
1272 750 1347 786 res,

211 803 356 842 magna
374 790 589 838 haereditas,
621 800 782 843 agetur;
817 804 908 830 cum
944 791 1109 844 pecunia
1134 791 1351 844 voluptates

212 845 413 897 pariantur
459 845 651 897 plurimae,
691 846 794 885 idem
825 846 896 885 erit
934 846 1107 898 Epicuro
1136 853 1261 886 voetro
1290 846 1349 885 fa-

213 899 410 948 ciendum,
430 899 463 938 si
482 913 596 938 suum
616 900 733 938 finem
763 902 953 939 bonorum
973 901 1082 952 sequi
1107 901 1222 949 volet,
1243 901 1350 953 quod

214 953 400 1006 Scipioni,
432 967 576 1016 rna-gna
594 955 717 1006 gloria
739 955 950 1007 proposita,
966 955 997 994 si
1014 947 1279 994 Hannibalem
1304 955 1347 995 in

213 1008 392 1047 Africam
422 1009 651 1047 retraxisset.
683 1010 823 1070 Itaque
851 1017 1044 1061 quantum
1074 1009 1170 1049 adiit
1198 1009 1350 1062 pericu-

214 1063 327 1102 lum!
370 1062 419 1101 ad
452 1063 689 1102 honestatem
728 1064 832 1102 enim
870 1064 935 1102 ille
972 1076 1130 1103 omnem
1166 1073 1350 1104 conatum

213 1131 332 1156 suum
364 1117 563 1164 referebat,
592 1130 668 1156 non
692 1117 740 1156 ad
771 1118 1021 1170 voluptatem.
1050 1119 1115 1158 Sic
1139 1126 1262 1158 vester
1287 1132 1348 1158 sa-

214 1172 339 1224 piens,
358 1185 502 1223 magno
514 1172 644 1224 aliquo
657 1172 919 1211 emolumento
934 1181 1165 1222 commotus,
1182 1171 1346 1226 [animi]

213 1227 345 1275 031133,
382 1226 413 1264 31
439 1239 536 1278 opus
565 1227 694 1274 fuerit,
720 1227 931 1266 dimicabit.
957 1226 1170 1266 Occultum
1199 1227 1349 1268 facinus

215 1294 297 1321 oese
325 1281 516 1333 potuerit:
548 1281 744 1333 gaudebit.
775 1281 1062 1333 Deprehensus,
1092 1294 1249 1321 omnem
1267 1296 1349 1335 poe-

213 1348 307 1375 nam
340 1343 569 1374 contemnet.
607 1336 695 1374 Erit
725 1335 829 1374 enim
859 1335 1069 1375 instructus
1100 1337 1151 1375 ad
1182 1345 1348 1376 mortem

214 1390 553 1438 contemnendam,
585 1390 634 1428 ad
662 1391 857 1439 exsilium,
878 1391 964 1429 ad
953 1404 1083 1443 ipsum
1103 1392 1219 1430 etiam
1239 1391 1348 1431 dolo-

214 1458 323 1490 rem;
355 1458 473 1497 quem
493 1445 651 1497 quidem
670 1458 750 1491 vos,
772 1457 862 1484 cum
881 1446 1068 1508 improbis
1086 1458 1241 1498 poenam
1258 1459 1348 1498 pro-

215 1500 371 1551 ponitis,
392 1500 649 1551 impatibilem
675 1500 828 1546 facitis;
860 1513 949 1538 cum
966 1500 1179 1553 sapientem
1197 1512 1348 1554 semper

215 1554 307 1594 boni
325 1555 415 1606 plus
433 1554 575 1593 habere
593 1555 723 1603 vultis,
744 1555 995 1594 tolerabilem.

270 1608 441 1648 XVIII.
475 1608 551 1648 Sed
571 1609 673 1660 finge
692 1621 770 1647 non
798 1609 925 1648 solum
944 1608 1129 1648 callidum
1149 1621 1255 1658 eum,
1276 1610 1346 1663 qui

212 1663 364 1715 aliquid
383 1664 558 1715 improbe
577 1663 705 1711 faciat,
726 1676 861 1702 verum
889 1664 1007 1702 etiam
1036 1671 1314 1716 praepotentem
1329 1679 1343 1705 ε

216 1726 262 1756 111
281 1718 342 1756 Μ.
365 1718 526 1757 Crassus
545 1718 633 1765 fuit,
650 1718 718 1770 qui
737 1726 867 1757 tamen
887 1718 1032 1757 solebat
1051 1718 1110 1757 uti
1128 1731 1198 1756 suo
1215 1719 1345 1767 bono;

215 1780 261 1811 ut
278 1772 393 1811 hodie
410 1783 467 1811 est
485 1781 611 1811 noster
631 1772 858 1825 Pompeius,
886 1773 949 1812 cui
968 1781 1066 1812 recte
1084 1772 1240 1812 facienti
1258 1786 1348 1825 gra-

215 1826 270 1865 tia
299 1835 356 1865 est
386 1827 587 1866 habenda:
620 1840 700 1866 esse
734 1827 839 1866 enim
870 1827 1049 1880 quamvis
1078 1827 1171 1866 velit
1198 1828 1344 1879 justus,

210 1881 372 1933 iniquus
402 1890 551 1934 poterat
572 1881 744 1933 impune.
776 1881 911 1930 Quam
942 1882 1068 1920 multa
1093 1894 1182 1920 vero
1203 1882 1348 1933 injuste

214 1936 297 1975 fieri
318 1945 495 1987 possunt,
525 1950 612 1988 quae
630 1949 745 1975 nemo
770 1937 890 1988 possit
914 1935 1216 1989 reprehendere!
1247 1937 1289 1977 Si
1309 1945 1348 1977 te

213 1991 363 2029 amicus
393 1999 483 2029 tuus
501 1991 668 2029 moriens
687 1991 889 2042 rogaverit,
911 1999 955 2029 ut
972 1990 1240 2040 ‘haereditatem
1260 1992 1347 2031 red..

215 2045 284 2082 das
297 2058 377 2083 suae
391 2045 495 2092 filiae,
511 2057 580 2083 nec
593 2058 758 2097 usquam
773 2044 812 2082 id
827 2046 1032 2096 scripserit,
1049 2054 1093 2084 ut
1105 2045 1255 2097 scripsit
1268 2046 1348 2086 Fa-

214 2099 317 2147 dius,
334 2111 404 2138 nec
418 2100 600 2152 cuiquam
621 2099 786 2145 dixerit3
818 2099 913 2151 quid
926 2100 1042 2139 facies
1059 2102 1076 2139 ἓ
1097 2099 1163 2138 Tu
1183 2100 1344 2152 quidem

214 2153 375 2192 reddes:
413 2154 496 2206 ipse
525 2153 722 2206 Epicurus
750 2153 909 2193 fortasse
935 2154 1132 2200 redderet3
1173 2163 1218 2193 ut
1249 2156 1342 2195 Sex.

212 2207 440 2258 Peducaeus,
472 2210 562 2248 Sex.
598 2208 644 2247 F.
667 2209 714 2258 is,
745 2208 815 2262 qui
839 2208 944 2248 hunc
967 2217 1144 2256 nostrum
1169 2209 1341 2263 reliquit,
