1456 2396
200 70 685 113 ACADEMICORUM
706 71 806 110 Lm.
821 71 880 110 ΙΙ.
901 71 1007 111 CAP.
1031 72 1093 110 12.
1137 72 1217 111 299

153 181 219 220 Ex
243 181 316 219 hoc
341 180 439 218 illud
465 180 524 218 his
552 193 625 218 usu
651 180 780 218 venire
806 180 913 223 solet,
943 187 1000 227 ut,
1028 179 1220 241 quidquid

100 235 280 282 dixerint,
296 248 319 272 a
332 234 564 300 quibusdam
578 235 882 284 interrogentur:
905 234 1036 285 Ergo
1026 243 1122 272 istuc
1135 234 1221 295 qui-

103 289 192 327 dem
219 289 412 340 percipis?
443 288 519 326 Sed
544 288 612 338 (1111
637 288 690 325 ita
717 289 965 339 interrogant,
993 290 1041 326 ab
1060 288 1148 325 1115
1138 287 1222 324 1111-

103 342 266 381 dentur:
292 354 369 381 non
396 342 500 380 6111111
526 350 678 392 urgent,
706 350 750 379 ut
776 350 996 393 coarguant
1028 342 1223 379 neminem

100 397 182 434 ulla
206 396 254 435 de
278 410 319 435 re
344 409 452 447 posse
478 395 717 441 contendere,
745 408 869 447 neque
889 409 1113 443 asseverare,
1142 395 1223 433 sine

99 450 232 502 aliqua
246 451 327 499 ejus
347 450 414 497 rei,
431 462 549 502 quam
569 449 641 488 sibi
659 449 821 501 quisque
835 450 982 502 placere
996 450 1101 498 dicit,
1122 449 1224 487 certa

101 510 140 542 et
157 504 311 556 propria
329 505 432 542 nota.

157 558 276 606 Quod
295 567 350 596 est
368 558 485 609 igitur
499 558 596 596 istuc
611 564 780 596 vestrum
794 558 991 609 probabile
1006 560 1022 596 Ρ
1053 558 1160 596 Nam
1177 557 1222 604 si,

101 612 208 663 quod
227 612 365 663 cuique
384 612 559 659 occurrit,
581 620 618 650 et
643 611 769 663 primo
794 612 903 663 quasi
931 612 1111 662 adspectu
1136 624 1225 663 pro-

102 666 230 705 babile
249 666 413 714 videtur,
433 666 474 704 id
493 666 754 714 confirmatur,
782 665 876 717 quid
903 679 946 704 eo
971 666 1125 704 levius?
1156 665 1224 704 Sin

103 733 152 758 ex
166 720 499 771 circumspectione
514 720 658 771 aliqua,
673 728 710 758 et
724 720 899 758 accurata
914 720 1224 781 consideratione,

104 773 210 826 quod
236 774 361 812 visum
389 774 450 820 sit,
477 774 518 811 id
543 788 581 812 se
607 774 734 812 dicent
761 774 894 825 sequi;
925 782 1055 811 tamen
1076 774 1224 811 exitum

105 840 183 866 non
210 828 432 866 habebunt:
464 828 650 879 primum,
672 828 764 879 quia
792 828 851 866 his
882 827 1115 871 11515,111161·
1142 841 1229 878 quae

104 881 203 919 nihil
234 882 402 929 interest,
435 882 632 933 aequaliter
662 882 841 920 omnibus
872 884 1078 932 abrogatur
1110 881 1224 919 fides:

104 935 255 997 deinde,
282 949 372 974 cum
398 936 526 974 dicant
550 949 657 988 posse
676 936 843 974 accidere
863 936 1037 987 sapienti,
1059 943 1116 981 ut,
1138 948 1227 973 611111

105 990 236 1027 omnia
260 990 403 1037 fecerit,
432 991 797 1041 diligentissimeque
816 990 1141 1040 circumspexerit,
1163 1002 1229 1027 ex-

105 1043 212 1082 sistat
237 1044 398 1095 aliquid,
427 1045 532 1096 quod
558 1052 596 1083 et
621 1044 825 1082 verisimile
851 1044 1040 1090 videatur,
1068 1051 1105 1081 et
1131 1043 1230 1081 absit

105 1097 326 1148 longissime
353 1112 376 1136 a
401 1111 514 1145 vero3
547 1112 624 1150 quo
643 1098 772 1145 modo,
795 1098 826 1136 si
844 1099 987 1149 magna
1010 1105 1118 1148 parte
1144 1097 1230 1148 qui-

107 1151 196 1189 dem
224 1155 285 1195 (ut
311 1153 432 1190 solent
458 1153 598 1199 dicere)
618 1153 667 1190 ad
686 1165 821 1190 verum
847 1153 990 1203 ipsum,
1019 1160 1085 1189 aut
1111 1164 1230 1203 quam

106 1206 283 1257 proxime
302 1206 495 1254 accedant,
516 1207 703 1245 confidere
719 1207 790 1244 sibi
810 1214 990 1257 poterunt
1004 1208 1021 1243 ἒ
1052 1206 1108 1243 Ut
1127 1205 1231 1243 enim

108 1259 316 1307 confidant,
336 1268 472 1298 notum
491 1261 551 1298 his
578 1274 656 1299 esse
679 1261 833 1298 debebit
851 1260 1000 1311 insigne
1019 1259 1121 1297 veri:
1154 1272 1232 1310 quo

108 1315 269 1352 obscuro
296 1322 333 1352 et
359 1327 552 1365 oppresso,
575 1314 679 1366 quod
698 1314 854 1352 tandem
874 1326 1008 1352 verum
1032 1313 1104 1351 sibi
1130 1313 1234 1351 vide-

109 1368 256 1406 buntur
274 1368 490 1419 attingere?
521 1368 630 1416 Quid
648 1376 778 1406 autem
798 1375 879 1405 tam
899 1367 1062 1405 absurde
1076 1367 1151 1404 dici
1165 1380 1235 1418 po-

109 1428 196 1468 test,
225 1435 344 1473 quam
370 1435 460 1461 cum
479 1422 532 1461 ita
550 1423 788 1473 loquuntur:
819 1421 893 1460 Est
911 1421 984 1459 hoc
1003 1420 1160 1472 quidem
1180 1420 1235 1458 rei

109 1475 214 1514 illius
233 1476 403 1526 signum,
423 1483 492 1514 aut
510 1483 810 1527 argumentum3
833 1484 870 1513 et
889 1475 934 1513 ea
952 1488 992 1513 re
1010 1475 1051 1512 id
1070 1487 1208 1526 sequor
1220 1489 1233 1512 ε

109 1528 176 1568 sed
201 1530 283 1568 fieri
309 1537 446 1581 potest,
476 1538 521 1568 ut
538 1530 579 1568 id
600 1530 704 1582 quod
723 1529 973 1581 significatur,
1000 1537 1069 1568 aut
1092 1529 1236 1567 falsum

109 1582 172 1631 sit,
193 1592 260 1627 aut
279 1584 377 1622 nihil
395 1584 444 1622 sit
462 1584 620 1622 omnino
635 1587 652 1623 ?

165 1637 269 1676 XII.
299 1638 375 1676 Sed
394 1638 441 1676 de
459 1639 700 1690 perceptione
724 1637 922 1676 hactenus.
964 1637 1006 1676 Si
1026 1637 1112 1689 quis
1132 1637 1236 1675 enim

111 1704 170 1740 ea,
199 1705 286 1744 quae
312 1692 413 1730 dicta
438 1700 541 1740 sunt,
569 1692 797 1731 labefactare
823 1692 938 1739 volet,
967 1691 1092 1740 facile,
1121 1692 1238 1729 etiam

112 1746 337 1785 absentibus
355 1746 480 1808 nobis,
500 1747 638 1786 veritas
657 1760 696 1786 se
713 1746 798 1798 ipsa
816 1745 1005 1784 defendet.

169 1800 246 1839 His
264 1800 354 1839 satis
373 1801 547 1852 cognitis,
575 1815 663 1853 quae
684 1801 767 1850 jam
794 1800 984 1851 explicata
1009 1806 1112 1847 sunt,
1133 1811 1240 1838 nunc

113 1852 163 1893 de
199 1855 427 1903 assensione,
472 1863 588 1907 atque
625 1854 914 1907 approbatione,
955 1867 1074 1906 quam
1113 1853 1239 1891 Graeci

114 1911 385 1955 συγκαταθεσιν
402 1917 559 1971 11063111,
583 1922 707 1961 pauca
725 1909 921 1947 dicemus.
951 1920 1029 1946 non
1055 1921 1133 1960 quo
1160 1920 1239 1945 non

113 1961 217 2000 latus
244 1961 351 2001 locus
383 1963 458 2009 sit;
488 1964 554 2002 sed
583 1964 701 2015 paulo
731 1970 820 2001 ante
845 1963 948 2024 jacta
977 1969 1068 2000 sunt
1099 1960 1239 1999 funda-

115 2022 259 2054 menta.
300 2016 422 2064 Nam,
443 2030 533 2056 cum
552 2017 647 2066 vim,
668 2031 757 2069 quae
783 2024 879 2055 esset
897 2016 938 2054 in
964 2016 1149 2061 sensibus,
1172 2027 1239 2053 ex-

116 2069 371 2121 plicabamus,
402 2070 519 2110 simul
548 2071 648 2110 illud
677 2071 931 2123 aperiebatur,
967 2068 1240 2121 comprehendi

117 2124 256 2171 multa,
273 2131 310 2162 et
328 2125 472 2176 percipi
486 2126 684 2173 sensibus3
706 2125 811 2177 quod
828 2125 911 2163 fieri
930 2124 1010 2162 51116
1025 2122 1241 2162 assensione

117 2189 196 2217 non
214 2185 350 2231 potest.
386 2179 554 2232 Deinde,
573 2193 664 2221 cum
682 2180 781 2221 inter
802 2178 1022 2220 inanimum
1040 2184 1078 2218 et
1096 2176 1240 2218 animal
