1466 2458
418 90 681 141 ORATOR,
713 91 820 132 em».
849 91 911 131 15.
1187 94 1235 131 13

95 207 287 254 praeeepta
303 213 494 254 ponemus
513 205 657 254 (neque
675 202 779 240 enim
801 202 840 240 id
860 202 1143 255 suscepimus);
1165 204 1232 242 sed

95 257 317 296 excellentis
342 257 574 309 eloquentiae
591 257 757 309 speciem
777 265 815 296 et
834 257 1000 296 formam
1021 258 1231 297 adumbra-

92 311 224 350 bimus
237 326 250 350 ε
278 323 363 359 nec,
391 311 534 363 quibus
559 313 674 350 rebus
702 325 746 350 ea
768 319 940 364 paretur,
961 325 1226 365 exponemus;

93 366 161 406 sed
178 366 306 418 qualis
323 366 434 405 nobis
453 379 533 406 esse
552 366 737 406 videatur.

147 421 212 460 Ac
236 421 315 460 duo
339 420 506 460 breviter
529 421 682 474 prima:
713 430 803 461 sunt
823 422 927 461 enim
955 434 1032 461 non
1060 431 1141 462 tam
1167 423 1228 462 in-

90 476 218 529 signia
235 475 286 514 ad
303 476 520 515 maximam
539 476 711 525 laudem,
733 490 853 529 quam
873 477 1097 526 necessaria,
1119 487 1155 517 et
1170 486 1227 517 ta-

89 543 183 570 men
202 543 292 570 cum
311 531 446 570 multis
467 544 577 583 paene
600 533 848 570 communia.
839 546 849 556 ·
871 545 963 571 nam
983 541 1020 570 et
1039 533 1225 582 invenire,

37 638 39 640 Ι
92 594 131 626 et
145 585 333 636 judicare,
360 585 460 648 quid
482 586 600 634 dicas,
628 599 771 638 magna
789 587 857 626 illa
876 587 1035 639 quidem
1056 596 1160 635 sunt,
1191 598 1228 627 et

90 649 295 694 tamquam
309 640 431 679 animi
449 641 570 680 instar
588 641 629 679 in
649 655 830 694 corpore;
852 642 918 680 sed
933 642 1089 694 propria
1102 643 1226 694 magis

90 695 321 748 prudentiae,
345 709 467 748 quam
493 696 746 748 eloquentiae:
780 695 879 750 [qua
899 705 1029 736 tamen
1049 697 1090 736 in
1111 699 1226 737 causa

89 758 149 791 αττ
176 763 298 790 vacua
326 751 565 802 prudentia?
573 752 588 804 ]
631 752 796 791 Noverit
825 752 946 804 igitur
973 751 1037 791 hic
1065 752 1224 804 quidem

87 812 230 853 orator,
245 818 364 858 quem
379 819 580 845 summum
597 819 676 846 esse
690 807 885 855 volumus,
906 816 1222 859 argumentorum

88 868 127 901 et
158 860 355 899 rationum
388 861 502 900 locos.
547 862 654 900 Nam
688 862 889 914 quoniam,
924 862 1118 915 quidquid
1151 871 1221 911 est,

88 915 223 969 quod'
212 928 253 954 ιιι
273 915 528 955 controversia
547 925 615 956 aut
640 917 680 956 in
707 917 948 956 contentione
975 925 1158 964 versetur
1179 918 1220 956 in

88 983 149 1020 eo,
176 978 245 1010 aut
269 971 382 1019 sitne,
409 979 479 1010 aut
504 972 599 1034 quid
619 972 681 1020 sit,
702 979 771 1011 aut
789 973 905 1025 quale
924 972 986 1020 sit,
1008 973 1219 1026 quaeritur:

87 1026 200 1074 sitne,
221 1025 365 1078 signis:
387 1026 483 1078 quid
498 1027 560 1076 sit,
581 1027 895 1074 definitionibus;
918 1028 1033 1090 quale
1048 1028 1110 1077 sit,
1127 1028 1220 1067 recti

82 1081 274 1134 pravique
291 1082 492 1134 partibus.
522 1082 665 1134 quibus
690 1090 734 1121 ut
754 1083 811 1121 uti
837 1083 955 1145 possit
973 1090 1114 1130 orator,
1141 1095 1219 1121 non

84 1135 152 1175 ille
170 1137 355 1188 vulgaris,
376 1136 442 1175 sed
461 1137 523 1177 hic
543 1137 746 1186 excellens,
768 1151 791 1176 a
810 1138 974 1190 propriis
993 1138 1165 1190 personis
1183 1146 1220 1177 et

83 1191 326 1243 temporibus
344 1204 510 1244 semper,
537 1193 569 1231 si
593 1201 732 1245 potest,
754 1202 888 1233 avocat
907 1193 1217 1232 controversiam.

88 1245 228 1285 Latius
253 1245 358 1286 enim
383 1246 433 1286 de
458 1260 612 1298 genere,
640 1261 761 1300 quam
786 1248 835 1287 de
860 1257 982 1301 parte,
1011 1248 1221 1300 disceptare

84 1301 200 1347 lieet·
220 1307 279 1350 ut,
300 1301 435 1354 quod'
423 1314 464 1340 m
484 1302 663 1342 universo
681 1303 730 1341 sit
748 1304 971 1365 probatum,
992 1303 1063 1341 id
1051 1316 1092 1342 m
1111 1311 1220 1355 parte

84 1356 135 1396 sit
158 1356 313 1408 probari
339 1367 500 1395 necesse.
542 1357 641 1396 Haec
660 1357 779 1409 igitur
804 1358 980 1420 quaestio,
1007 1371 1030 1396 a
1054 1358 1220 1410 propriis

81 1411 256 1464 personis
270 1419 309 1450 et
322 1411 574 1463 temporibus,
595 1412 645 1451 ad
659 1412 828 1452 universi
841 1413 991 1464 generis
1005 1413 1217 1451 orationem

82 1466 273 1515 traducta,
293 1466 512 1518 appellatur
537 1468 686 1506 Thesis.
720 1467 768 1506 In
788 1467 860 1506 hac
878 1467 1107 1506 Aristoteles
1126 1467 1217 1506 ado-

80 1522 278 1572 lescentoe,
293 1533 372 1560 non
391 1521 441 1560 ad
459 1521 780 1575 philosophorum
793 1535 943 1562 morem
958 1523 1126 1561 tenuiter
1139 1522 1217 1561 dis-

82 1576 246 1626 serendi,
275 1576 342 1616 sed
361 1576 412 1615 ad
437 1577 588 1629 copiam
608 1578 822 1626 rhetorum,
842 1577 883 1615 in
901 1583 1109 1630 utramque
1127 1591 1216 1630 par-

81 1639 179 1681 tem,
206 1640 252 1671 ut
281 1631 454 1671 ornatius
481 1639 519 1671 et
549 1633 706 1672 uberius
734 1633 811 1672 dici
841 1640 983 1685 posset,
1015 1632 1211 1672 exercuit:

79 1687 264 1740 idemque
279 1687 383 1726 loeos
403 1686 474 1731 (sic
492 1687 597 1727 enim
616 1689 819 1741 appellat),
840 1688 951 1740 quasi
965 1695 1214 1740 argumento-

79 1755 172 1780 rum
189 1748 314 1791 notas,
334 1741 506 1793 tradidit,
521 1742 626 1782 unde
640 1743 767 1783 omnis
785 1743 826 1781 in
842 1751 1050 1796 utramque
1061 1749 1214 1795 partem

79 1797 298 1836 traheretur
314 1796 447 1836 oratio.

134 1851 232 1891 XV.
260 1851 392 1891 Facile
408 1852 528 1904 igitur
552 1852 616 1893 hic
634 1860 762 1893 noster
782 1855 877 1897 (non
896 1852 1003 1892 enim
1021 1852 1214 1892 declama.

79 1914 205 1946 torem
229 1906 402 1959 aliquem
427 1907 476 1947 de
503 1908 612 1957 ludo,
645 1916 713 1947 aut
737 1909 917 1948 rabulam
947 1908 996 1947 de
1020 1907 1118 1957 foro,
1146 1908 1213 1947 sed

79 1961 345 2000 doctissimum
364 1969 402 2001 et
419 1962 741 2014 perfectissimum
760 1963 1004 2016 quaerimus),
1024 1963 1210 2015 quoniam

79 2015 155 2055 loci
179 2016 272 2055 certi
295 2016 516 2066 traduntur,
543 2027 738 2070 percurret
762 2031 912 2066 omnes,
938 2024 1070 2057 utetur
1095 2018 1209 2070 aptis,

78 2070 293 2123 generatim
317 2071 442 2110 dicet:
472 2085 521 2111 ex
547 2086 627 2125 quo
653 2081 836 2113 emanant
861 2073 993 2121 etiam,
1017 2072 1087 2125 qui
1105 2085 1210 2111 com-

79 2137 218 2164 munes
235 2126 480 2178 appellantur
496 2127 582 2167 loci.
613 2128 700 2168 Nec
719 2142 809 2168 vero
827 2135 957 2166 utetur
982 2127 1208 2179 impruden-

79 2188 139 2219 ter
162 2179 234 2218 hac
258 2180 394 2233 copia3
425 2181 491 2221 sed
515 2183 650 2225 omnia
673 2183 864 2237 expendet
883 2190 921 2221 et
940 2182 1097 2234 seliget.
1127 2194 1206 2221 non

126 2235 309 2279 (Rhetor.
315 2243 329 2284 )
360 2247 539 2277 vo1..11.
846 2249 871 2276 c
