1456 2396
225 111 276 155 76
575 111 807 163 TOPICA,
829 112 934 153 CAP.
950 115 988 152 5.

225 231 326 258 nuus
345 228 400 259 est
419 234 522 260 usus.
564 221 704 261 Valeat
722 222 894 274 aequitas,
915 234 1003 274 quae
1021 218 1206 273 paribus
1193 231 1236 257 m
1254 230 1346 258 cau-

225 272 275 311 sis
294 274 402 325 paria
416 276 505 325 jura
523 275 722 315 desiderat.

279 328 381 376 Quae
407 337 537 368 autem
563 331 794 370 extrinsecus
816 337 1081 378 assumuntur,
1107 342 1152 368 ea
1174 325 1348 366 maxime

225 394 274 419 ex
299 383 522 423 auctoritate
546 384 751 424 ducuntur.
793 385 933 436 Itaque
959 384 1086 423 Graeci
1111 383 1205 421 tales
1230 393 1346 432 argu-

224 438 477 476 mentationes
504 454 673 491 ατεχυους
698 447 849 487 vocant,
869 439 911 476 id
936 446 1006 486 est,
1026 437 1117 476 artis
1143 443 1343 487 experte53

225 498 284 539 ut,
301 491 333 529 si
350 492 405 530 ita
418 493 668 544 respondeas:
699 493 896 541 Quoniam
913 493 958 531 P.
978 492 1149 532 Scaevola
1161 491 1203 528 id
1217 489 1346 528 solum

226 558 305 583 ωδε
319 547 488 585 ambitus
502 547 643 586 aedium
658 548 810 596 dixerit,
827 547 945 600 quod,
961 546 1116 599 parietis
1130 543 1348 584 communis

225 601 382 662 tegendi
401 614 529 649 causa,
549 609 693 641 tectum
711 603 972 654 projiceretur,
986 614 1034 639 ex
1046 614 1124 652 quo
1141 599 1182 637 in
1202 605 1349 636 tectum

227 655 325 704 erS‚
346 655 444 695 aedes
463 657 531 708 qui
549 657 788 708 protexisset,
809 670 912 709 aqua
930 656 1127 703 deflueret,
1142 653 1184 692 id
1198 652 1297 692 tibi
1283 664 1350 702 Jus

226 708 358 748 videri.

281 763 358 802 His
376 764 494 816 igitur
510 764 616 814 locis,
637 766 706 818 qui
725 774 814 804 sunt
833 764 1010 817 expositi,
1031 763 1081 802 ad
1099 775 1215 802 omne
1234 773 1341 812 argu-

227 825 404 856 mentum
429 820 710 870 reperiendum,
741 828 943 872 tamquam
968 817 1164 858 elementis
1190 817 1352 869 quibus-

227 872 333 921 dam,
355 873 579 924 significatio
597 882 635 913 et
654 874 925 913 demonstratio
947 873 1072 911 datur.
1113 871 1289 911 Utrum'
1277 871 1351 922 1gi-

226 933 291 964 tur
308 927 491 967 hactenus
520 928 609 967 satis
628 931 714 968 est?
744 929 839 968 Tibi
864 927 1038 981 quidem,
1058 933 1140 965 tam
1166 932 1293 976 acuto,
1313 930 1353 965 et

226 986 309 1018 tam
328 990 571 1034 occupato,p
573 990 652 1022 uto.

282 1035 334 1074 V.
356 1036 445 1085 Sed,
459 1037 643 1088 quoniam
658 1037 816 1076 avidum
827 1037 1025 1076 hominem
1040 1035 1090 1074 ad
1100 1035 1170 1074 has
1181 1034 1353 1074 discendi

227 1090 360 1140 epulas
379 1091 517 1142 recepi,
538 1091 590 1130 sic
609 1092 808 1143 accipiam,
828 1099 873 1129 ut
891 1090 1143 1152 reliquiarum
1157 1090 1206 1128 sit
1223 1089 1353 1141 potius

227 1144 389 1196 aliquid,
410 1158 529 1196 quam
549 1153 588 1184 te
605 1146 696 1184 hinc
715 1146 838 1197 patiar
856 1158 935 1183 non
954 1145 1135 1183 satiatum
1147 1143 1349 1182 discedere.

227 1198 398 1247 Quando
417 1212 506 1250 ergo
524 1200 790 1252 unusquisque
809 1212 944 1238 eorum
960 1199 1148 1247 locorum,
1168 1210 1266 1250 quos
1284 1211 1351 1236 ex-

226 1253 353 1304 posui,
374 1266 442 1292 sua
462 1253 640 1305 quaedam
659 1255 834 1292 membra
857 1254 988 1301 habet,
1009 1265 1055 1292 ea
1079 1265 1200 1304 quam
1224 1252 1348 1291 subti-

226 1307 370 1346 lissime
399 1321 698 1360 persequamur.
740 1315 777 1347 et
814 1307 986 1360 primum
1018 1307 1068 1346 de
1098 1306 1184 1359 ipsa
1215 1306 1352 1346 defini-

226 1362 330 1400 tione
348 1361 508 1400 dicatur.

279 1415 466 1454 Definitio
486 1424 542 1455 est
560 1417 694 1464 oratio,
715 1430 803 1469 quae
821 1416 876 1465 id,
889 1415 995 1468 quod
1013 1415 1209 1465 definitur,
1226 1415 1351 1468 expli-

225 1478 300 1519 cat,
324 1470 419 1522 quid
444 1471 503 1509 sit.
540 1470 823 1510 Definitionum
849 1479 980 1509 autem
998 1470 1077 1508 duo
1095 1477 1186 1509 sunt
1211 1483 1351 1521 genera

229 1525 380 1577 primax
412 1537 536 1563 unum
567 1539 700 1564 earum
732 1539 877 1575 rerum,
911 1539 999 1577 quae
1031 1532 1146 1569 sunt3
1183 1525 1351 1564 alterum

228 1592 377 1626 earum,
397 1593 485 1631 quae
504 1580 784 1632 intelliguntur.
824 1579 921 1619 Esse
945 1592 991 1618 ea
1015 1579 1114 1628 dico,
1135 1592 1224 1631 quae
1247 1579 1351 1618 cerni

229 1633 383 1684 tangive
401 1642 574 1685 possunt,
594 1643 637 1673 ut
657 1635 839 1682 fundum,
860 1634 973 1681 aedes,
989 1633 1189 1685 parietem,
1203 1633 1351 1672 stillici-

227 1688 353 1736 dium,
381 1688 633 1740 mancipium,
660 1689 862 1740 pecudem,
892 1688 1182 1740 supellectilem,
1211 1700 1349 1739 penus,

229 1749 392 1788 caetera3
423 1756 501 1794 quo
520 1755 568 1781 ex
588 1756 725 1794 genere
743 1743 921 1796 quaedam
943 1742 1138 1781 interdum
1157 1742 1268 1781 nobis
1285 1742 1352 1781 de-

229 1796 398 1835 finienda
424 1805 523 1837 sunt.
562 1797 655 1836 Non
681 1811 761 1838 esse
785 1810 917 1836 rursus
943 1810 988 1835 ea
1011 1796 1110 1843 dico,
1131 1809 1218 1848 quae
1244 1797 1352 1848 tangi

228 1850 527 1892 demonstrarive
546 1864 623 1890 non
650 1859 824 1904 possunt,
845 1851 947 1890 cerni
973 1858 1102 1889 tamen
1127 1851 1272 1898 animo,
1293 1858 1351 1889 at-

229 1917 306 1956 que
319 1905 481 1956 intelligi
495 1914 653 1957 possunt
667 1920 679 1951 ς
707 1914 765 1954 ut,
782 1906 813 1945 si
825 1905 1111 1957 usucapionem,
1127 1904 1160 1943 si
1171 1905 1347 1953 tutelam,

230 1959 263 1996 si
287 1966 455 2010 gentem,
478 1960 509 1997 si
531 1961 789 2011 agnationem,
818 1960 1002 2005 definias;
1033 1971 1201 2011 quarum
1219 1971 1348 1998 rerum

231 2013 387 2051 nullum
417 2015 545 2051 subest
578 2014 687 2065 quasi
720 2027 882 2066 corpus,
871 2028 881 2038 ·
924 2022 979 2053 est
1009 2021 1137 2052 tamen
1170 2013 1349 2064 quaedam

229 2066 503 2107 conformatio
493 2068 674 2118 insignita
686 2076 723 2107 et
733 2069 918 2130 impressa
931 2067 1207 2119 intelligenti-*13
1229 2079 1348 2118 quam

231 2121 426 2161 notionem
441 2134 544 2160 v-oco
576 2122 664 2161 Ea
648 2136 746 2175 saepe
761 2123 800 2161 in
814 2122 1120 2175 argumentando
1130 2120 1351 2163 definitione

231 2174 457 2228 explicanda
475 2183 576 2214 sunt.
