1456 2396
183 80 265 120 238
302 78 388 121 AD
407 52 790 132 HERENNIUM‚
810 77 1002 120 L1n.1v.
1023 77 1130 120 cn».
1142 78 1210 120 ιο.

183 189 247 238 ιιι,
273 197 417 228 caeterae
435 190 637 237 tolluntur,
656 202 736 229 una
758 189 1002 242 relinquitur,
1020 201 1141 241 quam
1158 200 1228 228 nos
1243 185 1306 226 in-

183 243 391 293 tendimus,
422 244 495 284 hoc
523 244 663 284 modo:
707 248 735 268 ‘⁴
757 245 921 284 Necesse
948 250 1018 292 est,
1048 256 1137 282 cum
1163 248 1307 282 constet

182 297 303 337 istum
327 298 495 337 fundum
520 306 694 338 nostrum
718 299 849 348 fuisse,
879 297 1067 346 ostendas,
1092 304 1132 337 te
1155 303 1223 336 aut
1239 309 1307 335 va-

180 365 301 391 cuum
325 354 546 404 possedisse,
576 361 644 392 aut
668 367 742 392 usu
766 362 881 393 tuum
905 352 1049 401 foeisse,
1069 358 1137 390 aut
1154 351 1305 399 emisse,

181 414 250 445 aut
267 406 487 446 haeredjtate
504 407 575 446 tibi
593 408 749 447 venisse.
785 409 982 455 Vacuum,
1001 418 1092 446 cum
1110 418 1180 457 ego
1199 404 1309 444 ades-

181 473 276 508 sem,
297 462 487 513 possidere
504 475 582 500 non
600 463 781 514 potuisti·
802 470 916 501 tuum
934 474 1008 500 usu
1025 459 1154 499 fecisse
1171 459 1309 499 etiam-

179 527 279 553 num
304 528 381 554 non
410 524 540 578 potes:
571 517 687 556 emtio
713 517 822 555 nulla
843 515 1056 568 profertur:
1084 513 1307 554 haereditate

180 569 267 618 tibi,
293 583 358 609 me
382 571 483 620 vivo,
509 584 596 610 mea
620 571 781 633 pecunia
799 571 926 610 venire
943 582 1022 608 non
1039 568 1178 621 potuit.
1225 568 1309 607 Re-

176 623 370 676 linquitur
399 639 502 677 ergo,
529 633 574 664 ut
602 639 666 665 me
691 626 729 664 vi
754 626 802 664 de
825 638 912 664 meo
936 623 1059 663 fundo
1084 621 1306 673 dejeceris-’⁹

180 677 280 717 Haec
297 681 492 719 exornatio
509 680 724 732 plurimum
733 680 890 741 'juvabit
907 677 1176 729 conjecturales
1190 689 1307 729 argu-

179 733 457 773 mentationes:
493 734 559 773 sed
586 747 664 773 non
690 734 774 783 erit,
801 742 1004 796 tamquam
1028 732 1071 771 in
1098 731 1307 784 plerisque,

179 794 239 835 ut,
269 800 358 826 cum
382 789 558 837 velimns,
589 802 634 827 ea
660 789 851 850 possimus
878 788 961 827 ιιιι.
996 799 1089 825 nam
1116 785 1240 824 facere
1266 784 1309 823 id

178 853 258 880 non
283 843 507 894 poterimus,
534 843 609 881 nisi
634 843 744 882 nobis
768 843 853 895 ipsa
875 841 1021 895 negotii
1044 848 1184 882 natura
1200 838 1310 879 dabit

172 895 417 936 facultatem.

232 950 372 990 XXX.
401 951 613 991 Dissolutio
643 958 712 1001 est,
739 965 840 1004 quae,
867 948 1198 1001 conjunctionibus
1223 960 1308 987 ver-

178 1004 318 1044 borum
340 1019 362 1044 e
386 1007 513 1045 medio
538 1006 710 1054 sublatis,
736 1006 909 1058 partibus
924 1005 1113 1068 ‘separatis
1138 1003 1306 1064 effertur,

176 1059 250 1098 hoc
272 1060 411 1099 modo.
449 1064 477 1084 ‘⁶
494 1061 595 1099 Gere
616 1073 763 1099 morem
788 1060 961 1113 parenti3
994 1073 1086 1133 pare
1109 1057 1305 1111 cognatis·
1290 1085 1305 1104 ,

174 1115 383 1166 obsequere
401 1115 556 1162 amicis3
587 1116 806 1168 obtempera
823 1115 1014 1166 legibus-''
1043 1115 1160 1161 Item,
1181 1116 1210 1136 “
1223 1111 1307 1150 De-

175 1168 344 1207 scende
333 1181 374 1206 1n
398 1169 586 1221 integram
605 1169 887 1216 defensionem,
916 1168 997 1207 noli
1015 1168 1229 1220 quidquam
1247 1179 1308 1204 re-

175 1235 330 1261 cusare·
319 1252 331 1269 ,
361 1223 411 1261 da
437 1237 560 1263 servos
584 1225 624 1262 in
651 1224 925 1276 quastionem·
914 1253 926 1270 ‚
956 1223 1066 1262 stude
1090 1234 1224 1261 verum
1245 1221 1308 1260 in-

175 1277 344 1316 venire.”
387 1278 475 1317 Hoc
500 1291 620 1330 genus
645 1287 682 1317 et
707 1279 954 1318 acrimoniam
978 1277 1095 1316 habet
1119 1276 1161 1315 in
1188 1289 1242 1324 se,
1267 1282 1306 1314 et

176 1331 553 1424 :Ehememissimum
585 1341 654 1384 est,
687 1341 726 1373 et
757 1333 807 1373 ad
836 1333 1061 1374 brevitatem
1089 1342 1307 1371 accommo-

231 1394 316 1424 tum

231 1441 408 1480 Praecisio
437 1450 507 1490 est,
538 1454 642 1490 cum,
673 1442 783 1482 dictis
814 1440 1060 1495 quibusdam,
1093 1439 1303 1492 reliquum,

176 1495 281 1546 quod
300 1504 466 1548 coeptum
486 1511 523 1536 es
525 1504 540 1534 t
563 1497 651 1544 dici,
675 1497 931 1550 relinquitur
921 1509 962 1535 ιιι
980 1495 1219 1535 audientium
1241 1495 1306 1544 ju-

175 1549 288 1597 dicio,
320 1551 395 1590 sic·
433 1554 461 1574 a<
482 1551 588 1590 Mihi
609 1560 736 1590 tecum
765 1551 999 1604 praecertatio
1023 1563 1101 1589 non
1126 1557 1195 1597 αι,
1221 1548 1308 1587 ideo

175 1604 281 1655 quod
305 1606 471 1657 populus
495 1607 698 1646 Romanus
722 1619 786 1645 me
801 1636 900 1647 ......
914 1606 1003 1644 nolo
1017 1605 1153 1652 dicere,
1168 1617 1218 1643 ne
1245 1602 1307 1643 cui

174 1658 273 1696 forte
291 1673 469 1711 arrogans
489 1661 640 1699 videas:
671 1669 709 1700 te
727 1669 856 1700 autem
875 1673 974 1713 saepe
991 1659 1203 1712 ignominia
1220 1657 1306 1710 dig-

173 1724 271 1750 num
297 1714 486 1765 putavit?
528 1716 643 1763 Item,
673 1718 702 1739 “
717 1716 784 1755 Tu
808 1716 880 1754 ista
900 1727 1003 1754 nunc
1025 1713 1142 1754 audes
1166 1713 1302 1760 dicere,

171 1767 242 1819 qui
260 1780 383 1819 nuper
400 1769 533 1807 alienae
551 1769 683 1808 domui
706 1800 805 1810 ......
821 1772 840 1809 ?
853 1782 930 1809 non
947 1768 1072 1808 ausim
1090 1768 1226 1814 dicere,
1238 1779 1301 1815 ne,

171 1833 263 1860 cum
283 1830 320 1860 te
340 1822 456 1874 digna
474 1823 618 1870 dixero,
639 1838 702 1863 me
719 1825 922 1886 indignum
941 1823 1141 1886 quidpiam
1163 1821 1304 1860 dixisse

173 1876 313 1914 videar.
319 1877 343 1894 ''
385 1877 466 1916 Hic
495 1879 652 1917 atrocior
681 1879 794 1918 tacita
815 1879 992 1931 suspicio,
1017 1890 1136 1931 quam
1165 1876 1305 1916 diserta

175 1931 409 1982 explanatio,
430 1931 531 1970 facta
550 1941 616 1971 est.

228 1985 432 2024 Conclusio
451 1995 519 2034 est,
547 2000 648 2038 quae,
679 1987 785 2026 brevi
813 1986 1154 2040 argumentatione,
1180 1998 1229 2024 ex
1255 1984 1302 2024 iis

169 2052 261 2091 quae
279 2047 366 2079 ante
385 2040 485 2079 dicta
509 2050 600 2079 sunt
621 2050 689 2080 aut
713 2042 826 2090 facta,
857 2042 1007 2082 conficit
1027 2041 1068 2080 id
1097 2040 1202 2094 quod
1232 2052 1301 2078 ne-

173 2095 332 2133 cessario
355 2103 620 2147 consequatur,
647 2096 720 2135 hoc
741 2096 881 2136 modo:
912 2099 941 2121 “
957 2095 1076 2144 Quod
1099 2096 1132 2134 si
1154 2093 1301 2133 Danais

166 2147 306 2186 datum
335 2157 416 2188 erat
443 2151 656 2212 oraculum,
686 2163 764 2190 non
788 2164 897 2204 posse
921 2150 1006 2204 capi
1029 2150 1192 2200 Trojam
1219 2148 1301 2187 sine

175 2201 400 2244 Philocteta
428 2204 588 2257 sagittis,
618 2204 679 2246 hae
707 2213 838 2247 autem
862 2205 960 2253 nihil
982 2204 1090 2245 aliud
1112 2204 1298 2253 fecerunt,
