1456 2396
291 118 370 157 DE
399 114 649 163 FINIBUS,
679 113 778 152 Lm.
801 111 857 153 II.
888 113 994 153 CAp.
1011 115 1077 153 35.
1167 113 1246 153 423

126 227 263 267 artifex
289 225 448 265 mllidus
474 222 816 275 comparandarum
835 222 1079 274 voluptatum
1101 221 1243 260 dicere-

127 290 202 320 tur.
231 280 324 319 Non
344 279 466 330 elogia
482 278 806 316 monimentorum
824 276 864 314 id
883 276 1111 328 significant,
1137 277 1244 314 velut

125 335 198 373 hoc
212 334 261 373 ad
278 340 457 386 portam3
489 334 517 354 “
538 331 629 370 Uno
648 344 710 369 ore
729 330 791 369 cui
808 330 985 401 plurimae
1004 330 1245 369 consentiunt

126 395 272 440 gentes,
292 387 426 439 populi
453 385 680 437 primarium
699 384 814 423 fuisse
833 383 969 422 virum.
975 385 1000 401 ”
1040 382 1136 422 Idne
1153 396 1244 422 con-

126 442 285 482 sensisse
302 441 350 480 de
369 440 543 479 Calatino
561 438 746 490 plurimas
763 445 893 489 gentes
907 438 1150 486 arbitramur,
1165 439 1246 489 pri-

125 496 295 534 marium
320 494 454 547 populi
480 493 608 539 fuisse,
636 492 740 544 quod
760 492 1090 543 praestantissimus
1108 492 1244 531 fuisset

126 550 167 587 in
182 548 421 588 conficiendis
432 546 727 599 voluptatibus?
756 545 885 597 Ergo
875 558 914 583 in
929 545 975 583 iis
995 546 1242 584 adolescenti-

125 605 199 642 bus
217 605 359 642 bonam
378 615 485 654 spem
505 614 583 639 esse
601 600 785 648 dicemus,
808 607 844 638 et
857 612 1040 651 magnam
1058 600 1243 662 indolem,

126 670 223 709 quos
252 657 329 695 suis
358 655 566 695 commodis
589 654 848 701 inservituros,
874 662 924 701 et,
945 653 1164 706 quidquid
1153 655 1245 706 ipsis

128 711 318 762 expediat,
356 710 520 748 facturos
558 708 826 747 arbitramur?
874 708 1015 746 Nonne
1052 707 1241 755 videmus,

128 772 273 816 quanta
308 763 542 816 perturbatio
576 775 705 800 rerum
743 761 918 799 omnium
954 765 1242 813 consequatur?

128 826 274 869 quanta
292 818 495 857 confusio?
523 816 688 855 Tollitur
704 815 960 862 beneficium;
991 816 1138 854 tollitur
1155 829 1244 867 gra-

128 872 206 910 tia·
195 901 208 919 ,
238 886 325 924 quae
340 879 428 911 sunt
442 871 593 910 vincula
607 869 825 908 eoncordiae.
855 869 939 908 Nec
954 870 1070 917 enim,
1085 869 1116 907 si
1134 877 1245 909 tuam

127 927 177 964 ob
196 939 350 964 causam
369 925 549 977 cuiquam
568 923 797 971 commodes,
813 923 1040 962 beneficium
1059 923 1158 961 illud
1175 924 1246 963 ha-

131 980 302 1018 bendum
325 987 393 1027 est,
424 979 490 1017 sed
514 977 734 1024 foenerati03
763 990 832 1016 nec
851 978 972 1028 gratia
991 977 1120 1016 deberi
1138 978 1243 1017 vide-

131 1041 195 1071 tur
214 1034 261 1081 ei,
283 1034 351 1085 qui
382 1046 494 1071 suam
519 1034 568 1071 ob
598 1044 752 1070 causam
772 1031 1079 1070 commodaverit.
1109 1031 1244 1070 Maxi-

128 1099 212 1125 mas
231 1101 318 1126 vero
333 1087 489 1126 virtutes
504 1087 627 1137 jacere
645 1098 776 1124 omnes
794 1098 943 1124 necesse
962 1092 1030 1133 est,
1052 1086 1246 1137 voluptate

127 1141 360 1179 dominante.
389 1142 489 1180 Sunt
512 1141 627 1179 etiam
652 1139 908 1191 turpitudines
931 1139 1122 1191 plurimae,
1143 1153 1246 1191 quae,

126 1195 201 1233 nisi
230 1195 404 1233 honestas
433 1194 571 1233 natura
598 1194 812 1246 plurimum
830 1194 967 1239 valeat,
991 1206 1058 1232 cur
1082 1206 1161 1231 non
1183 1208 1245 1234 ca.

129 1248 222 1287 dant
240 1249 281 1287 in
293 1249 516 1300 sapientem,
533 1261 610 1286 non
630 1255 684 1286 est
702 1247 811 1286 facile
829 1247 1041 1286 defendere.

183 1303 256 1350 Ac,
276 1315 325 1341 ne
342 1303 454 1354 plura
473 1303 714 1353 complectar,
735 1302 844 1353 (sunt
862 1301 965 1339 enim
982 1301 1246 1340 innumerabi-

127 1355 197 1406 lia)
214 1359 310 1395 bene
327 1357 484 1395 laudata
500 1356 620 1395 virtus
640 1356 845 1406 voluptatis
864 1355 988 1394 aditus
1003 1356 1245 1405 intercludat,

127 1423 277 1449 necesse
302 1418 384 1449 est:
415 1410 519 1462 quod
542 1411 625 1459 jam
651 1423 674 1447 a
690 1422 753 1447 me
775 1418 989 1462 exspectare
1011 1411 1102 1448 noli.
1142 1411 1248 1449 Tute

125 1464 328 1516 introspice
341 1464 382 1502 in
398 1472 569 1503 mentem
586 1472 694 1502 tuam
713 1463 820 1515 ipse:
842 1477 1004 1516 eamque
1021 1465 1128 1503 omni
1147 1465 1249 1526 cogi-

128 1519 269 1557 tatione
297 1526 543 1570 pertractans,
570 1525 789 1569 percontare
815 1518 874 1570 ips
858 1531 896 1556 se
925 1525 976 1565 te,
1006 1519 1250 1570 perpetuisne

130 1572 242 1611 malis
271 1572 530 1624 voluptatibus
566 1572 778 1623 perfruens,
816 1572 856 1610 in
893 1572 952 1618 ea,
991 1585 1111 1624 quam
1148 1585 1249 1624 saepe

130 1628 357 1677 usurpabas,
378 1626 652 1679 tranquillitate
671 1626 806 1677 degere
824 1639 979 1665 omnem
999 1634 1150 1666 aetatem
1167 1627 1251 1665 sine

130 1679 273 1727 dolore,
291 1683 476 1723 (assumto
496 1680 610 1718 etiam
628 1679 708 1728 illo,
729 1680 834 1731 quod
853 1693 918 1719 vos
937 1680 1094 1732 quidem
1109 1681 1250 1731 adjun-

130 1747 218 1785 gere
237 1734 378 1782 soletis,
409 1734 476 1772 sed
494 1734 575 1772 fieri
593 1746 672 1772 non
689 1742 826 1785 potaet,
847 1735 928 1772 sine
946 1735 1085 1773 doloris
1103 1733 1248 1785 metu),

131 1799 196 1835 an,
216 1801 305 1826 cum
324 1788 372 1826 de
386 1788 564 1827 omnibus
583 1788 760 1839 gentibus
779 1789 923 1840 optime
940 1802 1139 1836 mererere,
1160 1802 1250 1828 cum

131 1854 245 1892 opem
276 1841 534 1893 indigentibus
563 1843 802 1894 salutemque
823 1843 952 1890 ferres,
981 1843 1043 1881 vel
1072 1843 1253 1881 Herculis

132 1895 281 1946 perpeti
309 1909 499 1934 aerumnas
516 1911 526 1934 ε
557 1896 611 1934 sic
636 1896 738 1934 enim
761 1898 924 1947 majores
955 1896 1073 1935 nostri
1105 1897 1253 1935 labores

132 1961 210 1987 non
228 1949 442 2000 fugiendos,
458 1950 671 1989 tristissimo
690 1958 817 1988 tamen
830 1952 960 1997 verbo,
981 1950 1096 1989 etiam
1115 1951 1156 1988 in
1167 1951 1256 1990 Deo

132 2002 438 2042 nominaverunt.
474 2004 683 2055 Exigerem
702 2017 750 2042 ex
779 2013 829 2052 te,
851 2017 1114 2056 cogeremque,
1135 2012 1180 2043 ut
1196 2018 1259 2044 re-

134 2056 349 2107 spondereS,
370 2057 444 2095 nisi
463 2071 623 2105 vererer,
649 2070 698 2095 ne
717 2058 957 2096 Herculem
946 2071 1075 2109 ipsum
1094 2072 1152 2107 ea,
1169 2072 1258 2110 quae

133 2123 203 2161 pro
223 2110 344 2148 salute
362 2111 536 2171 gentium
556 2124 708 2149 summo
726 2112 855 2150 labore
872 2112 1060 2164 gessisset,
1082 2113 1258 2165 volupta-

138 2164 186 2203 tis
205 2177 317 2202 causa
335 2165 490 2216 gessisse
508 2165 660 2203 diceres.

191 2219 292 2266 Quae
310 2232 399 2257 cum
418 2219 618 2270 dixissem,
639 2219 792 2268 Habeo,
813 2219 939 2272 inquit
962 2220 1196 2273 Torquatus,
1210 2221 1260 2272 ad
