1456 2396
323 387 404 437 M.
434 384 718 437 TULLII
760 383 1177 436 CICERONIS

269 522 1232 587 ACADEMICARUM

430 624 1063 698 QUAESTIONUM

438 776 639 827 LIBER
676 775 1051 830 SECUNDUS,

212 910 322 950 (SEU
356 917 543 949 POTIUS,
575 915 639 942 UT
673 915 779 942 EUM
811 915 1050 942 NUMERAT
1084 915 1280 953 NONIUS,

396 967 638 1007 QUARTUS)
669 970 755 998 QUI
787 969 1104 997 INSCRIBITUR

532 1081 961 1130 LUCULLUS.

662 1253 813 1289 -4-

235 1400 267 1437 Ῐ.
299 1399 523 1438 mian->1
549 1400 749 1452 ingenium
777 1401 825 1439 L.
847 1399 1018 1445 Luculli,
1041 1411 1306 1450 magnumque

176 1454 411 1505 optimarum
431 1455 572 1492 artium
599 1455 784 1501 studium,
813 1463 897 1492 tum
924 1454 1048 1492 omnis
1076 1453 1242 1491 liberalis
1267 1461 1306 1498 et

177 1509 294 1559 digna
313 1509 469 1547 homine
487 1510 607 1547 nobili
627 1512 675 1548 ab
695 1523 738 1547 eo
757 1518 934 1561 percepta
955 1508 1140 1554 doctrina,
1164 1508 1306 1559 quibus

176 1564 411 1624 temporibus
431 1564 562 1601 florere
581 1564 620 1601 in
640 1564 721 1602 foro
738 1564 910 1601 maxime
928 1563 1067 1614 potuit,
1084 1563 1205 1600 caruit
1218 1574 1303 1600 om-

176 1618 267 1655 nino
290 1619 403 1656 rebus
422 1618 588 1656 urbanis.
627 1619 684 1656 Ut
703 1618 820 1665 enim,
842 1617 1051 1659 admodum
1071 1617 1301 1664 adelmus,

174 1684 264 1709 cum
283 1672 412 1719 fratre,
433 1672 515 1723 pari
529 1673 668 1723 pietate
683 1680 720 1711 et
733 1672 922 1710 industria
935 1671 1108 1723 praedito,
1125 1679 1301 1734 paternas

172 1725 391 1765 inimicitias
423 1739 566 1777 magna
603 1740 693 1768 cum
729 1727 851 1778 gloria
884 1735 940 1765 est
970 1736 1219 1777 persecutus;
1260 1727 1303 1764 in

171 1780 312 1819 Asiam
331 1789 496 1832 quaestor
514 1782 719 1832 profectus,
740 1781 794 1819 ibi
812 1781 1022 1832 permultos
1041 1793 1160 1819 annos
1179 1780 1303 1818 admi-

171 1835 284 1873 rabili
303 1835 473 1886 quadam
492 1835 606 1874 laude
625 1835 828 1887 provinciae
846 1834 1025 1887 praefuit·
1055 1835 1193 1873 deinde
1214 1836 1302 1874 abs-

171 1901 238 1927 ens
255 1889 378 1928 factus
397 1889 530 1937 aedilis,
557 1890 738 1928 continuo
761 1898 899 1941 praetor
925 1889 1080 1932 (licebat
1109 1889 1213 1928 enim
1239 1902 1301 1928 ce-

169 1943 285 1981 lerius
303 1943 398 1995 legis
416 1944 618 1995 praemio);
643 1953 729 1996 post
746 1944 787 1982 in
805 1943 1010 1988 Africam
1034 1943 1124 1982 inde
1143 1944 1192 1982 ad
1211 1956 1302 1982 oon-

168 1998 367 2044 sulatum;
406 2011 524 2050 quem
552 1998 606 2047 ita
635 1999 763 2049 gessit,
795 2006 839 2036 ut
866 1997 1106 2049 diligentiam
1133 1998 1300 2036 admira-

166 2060 300 2090 rentur
313 2064 459 2099 omnoe,
475 2052 674 2103 ingenium
689 2060 954 2104 agnoscerent.
975 2060 1061 2103 post
1074 2052 1124 2090 ad
1139 2052 1300 2091 Mithri-

167 2106 339 2145 daticum
352 2107 499 2144 bellum
510 2107 650 2145 missus
664 2119 687 2144 a
701 2116 849 2155 senatu,
862 2119 939 2145 non
950 2107 1067 2145 modo
1078 2107 1298 2168 opinionem

168 2160 260 2200 vicit
287 2161 477 2207 omnium
507 2174 595 2213 quae
619 2160 667 2199 de
694 2161 834 2199 virtute
860 2161 943 2210 ejus
969 2168 1063 2207 erat,
1091 2161 1156 2200 sed
1182 2161 1298 2200 etiam

169 2215 332 2266 gloriam
351 2215 604 2268 superiorum.
645 2215 770 2268 quue
793 2229 838 2256 eo
855 2216 931 2255 fuit
947 2215 1175 2265 mirabilius,
1195 2215 1300 2269 quod
