<?xml version="1.0" encoding="UTF-8"?>
<!DOCTYPE html PUBLIC "-//W3C//DTD XHTML 1.0 Transitional//EN"
    "http://www.w3.org/TR/xhtml1/DTD/xhtml1-transitional.dtd">
<html xmlns="http://www.w3.org/1999/xhtml" xml:lang="en" lang="en">
 <head>
  <title>
</title>
<meta http-equiv="Content-Type" content="text/html;charset=utf-8" />
  <meta name='ocr-system' content='tesseract 3.04.00' />
  <meta name='ocr-capabilities' content='ocr_page ocr_carea ocr_par ocr_line ocrx_word'/>
</head>
<body>
  <div class='ocr_page' id='page_1' title='image "./operaern02ciceuoft_0019.png"; bbox 0 0 1435 2427; ppageno 0'>
   <div class='ocr_carea' id='block_1_1' title="bbox 485 105 1278 155">
    <p class='ocr_par' dir='ltr' id='par_1_1' title="bbox 485 105 1278 155">
     <span class='ocr_line' id='line_1_1' title="bbox 485 105 1278 155; baseline -0.003 -9"><span class='ocrx_word' id='word_1_1' title='bbox 485 105 748 155; x_wconf 83' lang='lat' dir='ltr'>ORATOR,</span> <span class='ocrx_word' id='word_1_2' title='bbox 770 105 876 146; x_wconf 69' lang='lat' dir='ltr'><strong>CAP.</strong></span> <span class='ocrx_word' id='word_1_3' title='bbox 899 107 936 145; x_wconf 82' lang='lat'><strong>6.</strong></span> <span class='ocrx_word' id='word_1_4' title='bbox 1253 109 1278 144; x_wconf 72' lang='lat'>5</span> 
     </span>
    </p>
   </div>
   <div class='ocr_carea' id='block_1_2' title="bbox 114 215 1275 2342">
    <p class='ocr_par' dir='ltr' id='par_1_2' title="bbox 129 215 1272 490">
     <span class='ocr_line' id='line_1_2' title="bbox 130 215 1272 271; baseline -0.003 -13"><span class='ocrx_word' id='word_1_5' title='bbox 130 217 391 271; x_wconf 69' lang='lat' dir='ltr'><strong>repugnanda</strong></span> <span class='ocrx_word' id='word_1_6' title='bbox 410 217 554 266; x_wconf 88' lang='lat' dir='ltr'><strong>videre,</strong></span> <span class='ocrx_word' id='word_1_7' title='bbox 575 215 762 269; x_wconf 81' lang='lat' dir='ltr'><strong>ambigua</strong></span> <span class='ocrx_word' id='word_1_8' title='bbox 780 216 1027 269; x_wconf 82' lang='lat' dir='ltr'><strong>distinguere.</strong></span> <span class='ocrx_word' id='word_1_9' title='bbox 1083 216 1194 266; x_wconf 86' lang='lat' dir='ltr'><strong>Quid</strong></span> <span class='ocrx_word' id='word_1_10' title='bbox 1212 216 1272 254; x_wconf 87' lang='lat' dir='ltr'><strong>di-</strong></span> 
     </span>
     <span class='ocr_line' id='line_1_3' title="bbox 130 272 1270 334; baseline -0.002 -22"><span class='ocrx_word' id='word_1_11' title='bbox 130 286 218 312; x_wconf 86' lang='lat' dir='ltr'><strong>cam</strong></span> <span class='ocrx_word' id='word_1_12' title='bbox 245 273 294 312; x_wconf 88' lang='lat' dir='ltr'><strong>de</strong></span> <span class='ocrx_word' id='word_1_13' title='bbox 321 272 463 312; x_wconf 84' lang='lat' dir='ltr'><strong>natura</strong></span> <span class='ocrx_word' id='word_1_14' title='bbox 489 284 635 334; x_wconf 83' lang='grc'>18111111,</span> <span class='ocrx_word' id='word_1_15' title='bbox 655 272 766 322; x_wconf 87' lang='lat' dir='ltr'><strong>cujus</strong></span> <span class='ocrx_word' id='word_1_16' title='bbox 794 272 962 324; x_wconf 83' lang='lat' dir='ltr'><strong>cognitio</strong></span> <span class='ocrx_word' id='word_1_17' title='bbox 981 284 1167 324; x_wconf 66' lang='lat' dir='ltr'><strong>magnam</strong></span> <span class='ocrx_word' id='word_1_18' title='bbox 1185 284 1270 310; x_wconf 87' lang='lat' dir='ltr'><strong>ora·</strong></span> 
     </span>
     <span class='ocr_line' id='line_1_4' title="bbox 129 326 1270 390; baseline -0.003 -23"><span class='ocrx_word' id='word_1_19' title='bbox 129 327 246 368; x_wconf 88' lang='lat' dir='ltr'><strong>tionis</strong></span> <span class='ocrx_word' id='word_1_20' title='bbox 265 327 489 390; x_wconf 80' lang='lat' dir='ltr'><strong>suppeditat</strong></span> <span class='ocrx_word' id='word_1_21' title='bbox 507 327 692 380; x_wconf 80' lang='lat' dir='ltr'><strong>copiam?</strong></span> <span class='ocrx_word' id='word_1_22' title='bbox 722 326 770 365; x_wconf 89' lang='lat' dir='ltr'><strong>de</strong></span> <span class='ocrx_word' id='word_1_23' title='bbox 789 327 884 375; x_wconf 85' lang='lat' dir='ltr'><strong>vita,</strong></span> <span class='ocrx_word' id='word_1_24' title='bbox 899 327 947 366; x_wconf 90' lang='lat' dir='ltr'><strong>de</strong></span> <span class='ocrx_word' id='word_1_25' title='bbox 966 327 1114 375; x_wconf 85' lang='lat' dir='ltr'><strong>officiis,</strong></span> <span class='ocrx_word' id='word_1_26' title='bbox 1131 326 1179 365; x_wconf 89' lang='lat' dir='ltr'><strong>de</strong></span> <span class='ocrx_word' id='word_1_27' title='bbox 1193 326 1270 364; x_wconf 77' lang='lat' dir='ltr'><strong>vir-</strong></span> 
     </span>
     <span class='ocr_line' id='line_1_5' title="bbox 131 381 1271 434; baseline -0.001 -13"><span class='ocrx_word' id='word_1_28' title='bbox 131 390 229 430; x_wconf 79' lang='lat' dir='ltr'><strong>tute,</strong></span> <span class='ocrx_word' id='word_1_29' title='bbox 250 383 298 422; x_wconf 90' lang='lat' dir='ltr'><strong>de</strong></span> <span class='ocrx_word' id='word_1_30' title='bbox 316 382 526 422; x_wconf 81' lang='lat' dir='ltr'><strong>moribus?</strong></span> <span class='ocrx_word' id='word_1_31' title='bbox 557 382 638 420; x_wconf 90' lang='lat' dir='ltr'><strong>sine</strong></span> <span class='ocrx_word' id='word_1_32' title='bbox 649 381 777 420; x_wconf 81' lang='lat' dir='ltr'><strong>multa</strong></span> <span class='ocrx_word' id='word_1_33' title='bbox 793 395 926 420; x_wconf 86' lang='lat' dir='ltr'><strong>earum</strong></span> <span class='ocrx_word' id='word_1_34' title='bbox 946 382 1120 434; x_wconf 87' lang='lat' dir='ltr'><strong>ipsarum</strong></span> <span class='ocrx_word' id='word_1_35' title='bbox 1139 394 1271 420; x_wconf 86' lang='lat' dir='ltr'><strong>rerum</strong></span> 
     </span>
     <span class='ocr_line' id='line_1_6' title="bbox 130 436 995 490; baseline -0.001 -14"><span class='ocrx_word' id='word_1_36' title='bbox 130 437 351 490; x_wconf 84' lang='lat' dir='ltr'><strong>disciplina,</strong></span> <span class='ocrx_word' id='word_1_37' title='bbox 372 445 439 476; x_wconf 85' lang='lat' dir='ltr'><strong>aut</strong></span> <span class='ocrx_word' id='word_1_38' title='bbox 454 437 543 486; x_wconf 88' lang='lat' dir='ltr'><strong>dici,</strong></span> <span class='ocrx_word' id='word_1_39' title='bbox 565 444 632 475; x_wconf 91' lang='lat' dir='ltr'><strong>aut</strong></span> <span class='ocrx_word' id='word_1_40' title='bbox 651 436 817 488; x_wconf 87' lang='lat' dir='ltr'><strong>intelligi</strong></span> <span class='ocrx_word' id='word_1_41' title='bbox 836 439 995 488; x_wconf 78' lang='lat' dir='ltr'><strong>potest?</strong></span> 
     </span>
    </p>

    <p class='ocr_par' dir='ltr' id='par_1_3' title="bbox 120 491 1271 1863">
     <span class='ocr_line' id='line_1_7' title="bbox 188 491 1271 544; baseline -0.001 -13"><span class='ocrx_word' id='word_1_42' title='bbox 188 492 241 531; x_wconf 90' lang='lat' dir='ltr'><strong>V.</strong></span> <span class='ocrx_word' id='word_1_43' title='bbox 271 492 341 531; x_wconf 90' lang='lat' dir='ltr'><strong>Ad</strong></span> <span class='ocrx_word' id='word_1_44' title='bbox 352 492 422 531; x_wconf 88' lang='lat' dir='ltr'><strong>has</strong></span> <span class='ocrx_word' id='word_1_45' title='bbox 441 500 498 531; x_wconf 88' lang='lat' dir='ltr'><strong>tot</strong></span> <span class='ocrx_word' id='word_1_46' title='bbox 509 499 713 544; x_wconf 80' lang='lat' dir='ltr'><strong>tantasque</strong></span> <span class='ocrx_word' id='word_1_47' title='bbox 730 504 790 530; x_wconf 85' lang='lat' dir='ltr'><strong>res</strong></span> <span class='ocrx_word' id='word_1_48' title='bbox 810 491 1030 530; x_wconf 87' lang='lat' dir='ltr'><strong>adhibenda</strong></span> <span class='ocrx_word' id='word_1_49' title='bbox 1049 498 1140 530; x_wconf 87' lang='lat' dir='ltr'><strong>sunt</strong></span> <span class='ocrx_word' id='word_1_50' title='bbox 1159 504 1271 530; x_wconf 89' lang='lat' dir='ltr'><strong>orna-</strong></span> 
     </span>
     <span class='ocr_line' id='line_1_8' title="bbox 132 546 1270 609; baseline -0.001 -23"><span class='ocrx_word' id='word_1_51' title='bbox 132 556 266 586; x_wconf 81' lang='lat' dir='ltr'><strong>menta</strong></span> <span class='ocrx_word' id='word_1_52' title='bbox 291 546 606 609; x_wconf 79' lang='lat' dir='ltr'><strong>innumerabilia,</strong></span> <span class='ocrx_word' id='word_1_53' title='bbox 628 560 716 599; x_wconf 78' lang='lat' dir='ltr'><strong>quoe</strong></span> <span class='ocrx_word' id='word_1_54' title='bbox 744 547 824 585; x_wconf 86' lang='lat' dir='ltr'><strong>sola</strong></span> <span class='ocrx_word' id='word_1_55' title='bbox 853 555 941 585; x_wconf 87' lang='lat' dir='ltr'><strong>turn</strong></span> <span class='ocrx_word' id='word_1_56' title='bbox 965 546 1124 599; x_wconf 88' lang='lat' dir='ltr'><strong>quidem</strong></span> <span class='ocrx_word' id='word_1_57' title='bbox 1144 547 1270 585; x_wconf 83' lang='lat' dir='ltr'><strong>trade-</strong></span> 
     </span>
     <span class='ocr_line' id='line_1_9' title="bbox 131 601 1264 655; baseline -0.001 -14"><span class='ocrx_word' id='word_1_58' title='bbox 131 603 278 641; x_wconf 86' lang='lat' dir='ltr'><strong>bantur</strong></span> <span class='ocrx_word' id='word_1_59' title='bbox 303 604 353 641; x_wconf 87' lang='lat' dir='ltr'><strong>ab</strong></span> <span class='ocrx_word' id='word_1_60' title='bbox 377 601 425 640; x_wconf 90' lang='lat' dir='ltr'><strong>iis</strong></span> <span class='ocrx_word' id='word_1_61' title='bbox 456 603 525 655; x_wconf 92' lang='lat' dir='ltr'><strong>qui</strong></span> <span class='ocrx_word' id='word_1_62' title='bbox 551 601 704 640; x_wconf 87' lang='lat' dir='ltr'><strong>dicendi</strong></span> <span class='ocrx_word' id='word_1_63' title='bbox 733 603 1041 641; x_wconf 83' lang='lat' dir='ltr'><strong>numerabantur</strong></span> <span class='ocrx_word' id='word_1_64' title='bbox 1063 601 1264 653; x_wconf 83' lang='lat' dir='ltr'><strong>magistri:</strong></span> 
     </span>
     <span class='ocr_line' id='line_1_10' title="bbox 125 657 1267 710; baseline 0 -15"><span class='ocrx_word' id='word_1_65' title='bbox 125 670 207 710; x_wconf 91' lang='lat' dir='ltr'><strong>quo</strong></span> <span class='ocrx_word' id='word_1_66' title='bbox 226 657 285 706; x_wconf 87' lang='lat' dir='ltr'><strong>fit,</strong></span> <span class='ocrx_word' id='word_1_67' title='bbox 305 664 350 695; x_wconf 90' lang='lat' dir='ltr'><strong>ut</strong></span> <span class='ocrx_word' id='word_1_68' title='bbox 370 670 498 695; x_wconf 78' lang='lat' dir='ltr'><strong>veram</strong></span> <span class='ocrx_word' id='word_1_69' title='bbox 515 657 625 695; x_wconf 86' lang='lat' dir='ltr'><strong>illam</strong></span> <span class='ocrx_word' id='word_1_70' title='bbox 641 664 677 695; x_wconf 89' lang='lat' dir='ltr'><strong>et</strong></span> <span class='ocrx_word' id='word_1_71' title='bbox 691 657 908 695; x_wconf 79' lang='lat' dir='ltr'><strong>absolutam</strong></span> <span class='ocrx_word' id='word_1_72' title='bbox 923 657 1183 710; x_wconf 86' lang='lat' dir='ltr'><strong>eloquentiam</strong></span> <span class='ocrx_word' id='word_1_73' title='bbox 1199 669 1267 696; x_wconf 89' lang='lat' dir='ltr'><strong>ne-</strong></span> 
     </span>
     <span class='ocr_line' id='line_1_11' title="bbox 128 711 1266 764; baseline 0 -14"><span class='ocrx_word' id='word_1_74' title='bbox 128 724 195 751; x_wconf 89' lang='lat' dir='ltr'><strong>mo</strong></span> <span class='ocrx_word' id='word_1_75' title='bbox 214 720 485 764; x_wconf 83' lang='lat' dir='ltr'><strong>consequatur,</strong></span> <span class='ocrx_word' id='word_1_76' title='bbox 516 711 621 764; x_wconf 88' lang='lat' dir='ltr'><strong>quod</strong></span> <span class='ocrx_word' id='word_1_77' title='bbox 641 711 716 750; x_wconf 87' lang='lat' dir='ltr'><strong>alia</strong></span> <span class='ocrx_word' id='word_1_78' title='bbox 735 711 990 763; x_wconf 83' lang='lat' dir='ltr'><strong>intelligendi,</strong></span> <span class='ocrx_word' id='word_1_79' title='bbox 1005 712 1081 750; x_wconf 86' lang='lat' dir='ltr'><strong>alia</strong></span> <span class='ocrx_word' id='word_1_80' title='bbox 1099 711 1266 760; x_wconf 86' lang='lat' dir='ltr'><strong>dicendi,</strong></span> 
     </span>
     <span class='ocr_line' id='line_1_12' title="bbox 124 766 1264 819; baseline 0 -14"><span class='ocrx_word' id='word_1_81' title='bbox 124 766 330 819; x_wconf 87' lang='lat' dir='ltr'><strong>disciplina</strong></span> <span class='ocrx_word' id='word_1_82' title='bbox 353 775 435 806; x_wconf 91' lang='lat' dir='ltr'><strong>est:</strong></span> <span class='ocrx_word' id='word_1_83' title='bbox 467 775 505 806; x_wconf 92' lang='lat' dir='ltr'><strong>et</strong></span> <span class='ocrx_word' id='word_1_84' title='bbox 527 768 576 805; x_wconf 88' lang='lat' dir='ltr'><strong>ab</strong></span> <span class='ocrx_word' id='word_1_85' title='bbox 599 766 684 804; x_wconf 85' lang='lat' dir='ltr'><strong>aliis</strong></span> <span class='ocrx_word' id='word_1_86' title='bbox 702 779 847 813; x_wconf 87' lang='lat' dir='ltr'><strong>rerum,</strong></span> <span class='ocrx_word' id='word_1_87' title='bbox 869 768 918 806; x_wconf 83' lang='lat' dir='ltr'><strong>ab</strong></span> <span class='ocrx_word' id='word_1_88' title='bbox 938 767 1023 805; x_wconf 87' lang='lat' dir='ltr'><strong>aliis</strong></span> <span class='ocrx_word' id='word_1_89' title='bbox 1042 768 1264 816; x_wconf 85' lang='lat' dir='ltr'><strong>verborum,</strong></span> 
     </span>
     <span class='ocr_line' id='line_1_13' title="bbox 127 820 1267 875; baseline 0 -15"><span class='ocrx_word' id='word_1_90' title='bbox 127 821 303 861; x_wconf 83' lang='lat' dir='ltr'><strong>doctrina</strong></span> <span class='ocrx_word' id='word_1_91' title='bbox 322 821 521 875; x_wconf 82' lang='lat' dir='ltr'><strong>quaeritur.</strong></span> <span class='ocrx_word' id='word_1_92' title='bbox 552 822 693 874; x_wconf 77' lang='lat' dir='ltr'><strong>Itaque</strong></span> <span class='ocrx_word' id='word_1_93' title='bbox 713 820 774 860; x_wconf 84' lang='lat' dir='ltr'><strong>M.</strong></span> <span class='ocrx_word' id='word_1_94' title='bbox 797 822 1012 870; x_wconf 76' lang='lat' dir='ltr'><strong>Antonius,</strong></span> <span class='ocrx_word' id='word_1_95' title='bbox 1029 822 1091 860; x_wconf 92' lang='lat' dir='ltr'><strong>cui</strong></span> <span class='ocrx_word' id='word_1_96' title='bbox 1107 823 1168 861; x_wconf 78' lang='lat' dir='ltr'><strong>vel</strong></span> <span class='ocrx_word' id='word_1_97' title='bbox 1187 822 1267 874; x_wconf 82' lang='lat' dir='ltr'><strong>pri-</strong></span> 
     </span>
     <span class='ocr_line' id='line_1_14' title="bbox 125 877 1264 930; baseline -0.001 -14"><span class='ocrx_word' id='word_1_98' title='bbox 125 889 210 916; x_wconf 86' lang='lat' dir='ltr'><strong>mas</strong></span> <span class='ocrx_word' id='word_1_99' title='bbox 240 877 470 930; x_wconf 87' lang='lat' dir='ltr'><strong>eloquentiae</strong></span> <span class='ocrx_word' id='word_1_100' title='bbox 498 884 655 929; x_wconf 87' lang='lat' dir='ltr'><strong>patrum</strong></span> <span class='ocrx_word' id='word_1_101' title='bbox 686 884 906 916; x_wconf 87' lang='lat' dir='ltr'><strong>nostrorum</strong></span> <span class='ocrx_word' id='word_1_102' title='bbox 935 877 1131 916; x_wconf 88' lang='lat' dir='ltr'><strong>tribuebat</strong></span> <span class='ocrx_word' id='word_1_103' title='bbox 1159 885 1264 926; x_wconf 78' lang='lat' dir='ltr'><strong>aetas,</strong></span> 
     </span>
     <span class='ocr_line' id='line_1_15' title="bbox 125 931 1265 984; baseline 0 -14"><span class='ocrx_word' id='word_1_104' title='bbox 125 931 184 970; x_wconf 87' lang='lat' dir='ltr'><strong>vir</strong></span> <span class='ocrx_word' id='word_1_105' title='bbox 211 932 351 970; x_wconf 66' lang='lat' dir='ltr'><strong>natura</strong></span> <span class='ocrx_word' id='word_1_106' title='bbox 376 940 583 984; x_wconf 86' lang='lat' dir='ltr'><strong>peracutus</strong></span> <span class='ocrx_word' id='word_1_107' title='bbox 610 940 647 970; x_wconf 91' lang='lat' dir='ltr'><strong>et</strong></span> <span class='ocrx_word' id='word_1_108' title='bbox 672 931 856 984; x_wconf 86' lang='lat' dir='ltr'><strong>prudens,</strong></span> <span class='ocrx_word' id='word_1_109' title='bbox 877 932 919 970; x_wconf 83' lang='lat' dir='ltr'><strong>&#39;m</strong></span> <span class='ocrx_word' id='word_1_110' title='bbox 948 945 992 971; x_wconf 91' lang='lat' dir='ltr'><strong>eo</strong></span> <span class='ocrx_word' id='word_1_111' title='bbox 1019 933 1118 970; x_wconf 93' lang='lat' dir='ltr'><strong>libro</strong></span> <span class='ocrx_word' id='word_1_112' title='bbox 1147 945 1265 984; x_wconf 88' lang='lat' dir='ltr'><strong>quem</strong></span> 
     </span>
     <span class='ocr_line' id='line_1_16' title="bbox 122 986 1266 1039; baseline 0.001 -15"><span class='ocrx_word' id='word_1_113' title='bbox 122 999 251 1026; x_wconf 89' lang='lat' dir='ltr'><strong>unum</strong></span> <span class='ocrx_word' id='word_1_114' title='bbox 281 987 454 1039; x_wconf 88' lang='lat' dir='ltr'><strong>reliquit,</strong></span> <span class='ocrx_word' id='word_1_115' title='bbox 489 986 648 1025; x_wconf 85' lang='lat' dir='ltr'><strong>disertos</strong></span> <span class='ocrx_word' id='word_1_116' title='bbox 676 987 730 1025; x_wconf 82' lang='lat' dir='ltr'><strong>ait</strong></span> <span class='ocrx_word' id='word_1_117' title='bbox 760 1000 800 1026; x_wconf 90' lang='lat' dir='ltr'><strong>se</strong></span> <span class='ocrx_word' id='word_1_118' title='bbox 829 987 969 1026; x_wconf 70' lang='lat' dir='ltr'><strong>w&#39;disse</strong></span> <span class='ocrx_word' id='word_1_119' title='bbox 996 988 1156 1034; x_wconf 85' lang='lat' dir='ltr'><strong>multos,</strong></span> <span class='ocrx_word' id='word_1_120' title='bbox 1188 987 1266 1025; x_wconf 90' lang='lat' dir='ltr'><strong>elo-</strong></span> 
     </span>
     <span class='ocr_line' id='line_1_17' title="bbox 125 1041 1266 1093; baseline 0 -13"><span class='ocrx_word' id='word_1_121' title='bbox 125 1049 311 1093; x_wconf 84' lang='lat' dir='ltr'><strong>quentem</strong></span> <span class='ocrx_word' id='word_1_122' title='bbox 345 1042 504 1081; x_wconf 90' lang='lat' dir='ltr'><strong>omnino</strong></span> <span class='ocrx_word' id='word_1_123' title='bbox 538 1041 749 1080; x_wconf 88' lang='lat' dir='ltr'><strong>neminem.</strong></span> <span class='ocrx_word' id='word_1_124' title='bbox 787 1042 986 1081; x_wconf 86' lang='lat' dir='ltr'><strong>Insidebat</strong></span> <span class='ocrx_word' id='word_1_125' title='bbox 1019 1042 1196 1080; x_wconf 68' lang='lat' dir='ltr'><strong>xidelicet</strong></span> <span class='ocrx_word' id='word_1_126' title='bbox 1226 1042 1266 1080; x_wconf 91' lang='lat' dir='ltr'><strong>in</strong></span> 
     </span>
     <span class='ocr_line' id='line_1_18' title="bbox 124 1097 1266 1150; baseline 0 -16"><span class='ocrx_word' id='word_1_127' title='bbox 124 1097 210 1146; x_wconf 91' lang='lat' dir='ltr'><strong>ejus</strong></span> <span class='ocrx_word' id='word_1_128' title='bbox 226 1104 359 1136; x_wconf 84' lang='lat' dir='ltr'><strong>mente</strong></span> <span class='ocrx_word' id='word_1_129' title='bbox 372 1097 516 1150; x_wconf 87' lang='lat' dir='ltr'><strong>species</strong></span> <span class='ocrx_word' id='word_1_130' title='bbox 529 1097 773 1149; x_wconf 82' lang='lat' dir='ltr'><strong>eloquentiae,</strong></span> <span class='ocrx_word' id='word_1_131' title='bbox 788 1110 908 1150; x_wconf 88' lang='lat' dir='ltr'><strong>quam</strong></span> <span class='ocrx_word' id='word_1_132' title='bbox 924 1099 1104 1137; x_wconf 88' lang='lat' dir='ltr'><strong>cernebat</strong></span> <span class='ocrx_word' id='word_1_133' title='bbox 1119 1097 1266 1143; x_wconf 86' lang='lat' dir='ltr'><strong>animo,</strong></span> 
     </span>
     <span class='ocr_line' id='line_1_19' title="bbox 123 1150 1263 1204; baseline 0 -14"><span class='ocrx_word' id='word_1_134' title='bbox 123 1163 164 1189; x_wconf 91' lang='lat' dir='ltr'><strong>re</strong></span> <span class='ocrx_word' id='word_1_135' title='bbox 192 1151 278 1204; x_wconf 67' lang='lat' dir='ltr'><strong>ipsa</strong></span> <span class='ocrx_word' id='word_1_136' title='bbox 302 1164 381 1190; x_wconf 90' lang='lat' dir='ltr'><strong>non</strong></span> <span class='ocrx_word' id='word_1_137' title='bbox 408 1152 574 1190; x_wconf 79' lang='lat' dir='ltr'><strong>videbat.</strong></span> <span class='ocrx_word' id='word_1_138' title='bbox 606 1152 682 1190; x_wconf 77' lang='lat' dir='ltr'><strong>Vir</strong></span> <span class='ocrx_word' id='word_1_139' title='bbox 710 1161 842 1190; x_wconf 84' lang='lat' dir='ltr'><strong>autem</strong></span> <span class='ocrx_word' id='word_1_140' title='bbox 878 1150 1064 1191; x_wconf 86' lang='lat' dir='ltr'><strong>acerrimo</strong></span> <span class='ocrx_word' id='word_1_141' title='bbox 1094 1152 1263 1203; x_wconf 86' lang='lat' dir='ltr'><strong>ingenio,</strong></span> 
     </span>
     <span class='ocr_line' id='line_1_20' title="bbox 123 1205 1265 1256; baseline 0 -12"><span class='ocrx_word' id='word_1_142' title='bbox 123 1205 196 1249; x_wconf 89' lang='lat' dir='ltr'><strong>(sic</strong></span> <span class='ocrx_word' id='word_1_143' title='bbox 217 1206 321 1245; x_wconf 91' lang='lat' dir='ltr'><strong>enim</strong></span> <span class='ocrx_word' id='word_1_144' title='bbox 341 1206 434 1254; x_wconf 88' lang='lat' dir='ltr'><strong>fuit)</strong></span> <span class='ocrx_word' id='word_1_145' title='bbox 455 1207 582 1245; x_wconf 83' lang='lat' dir='ltr'><strong>multa</strong></span> <span class='ocrx_word' id='word_1_146' title='bbox 601 1216 638 1245; x_wconf 90' lang='lat' dir='ltr'><strong>et</strong></span> <span class='ocrx_word' id='word_1_147' title='bbox 666 1206 707 1244; x_wconf 90' lang='lat' dir='ltr'><strong>in</strong></span> <span class='ocrx_word' id='word_1_148' title='bbox 735 1220 774 1245; x_wconf 89' lang='lat' dir='ltr'><strong>se</strong></span> <span class='ocrx_word' id='word_1_149' title='bbox 794 1215 831 1246; x_wconf 89' lang='lat' dir='ltr'><strong>et</strong></span> <span class='ocrx_word' id='word_1_150' title='bbox 859 1207 898 1245; x_wconf 88' lang='lat' dir='ltr'><strong>in</strong></span> <span class='ocrx_word' id='word_1_151' title='bbox 920 1208 1005 1246; x_wconf 85' lang='lat' dir='ltr'><strong>aliis</strong></span> <span class='ocrx_word' id='word_1_152' title='bbox 1031 1207 1265 1256; x_wconf 78' lang='lat' dir='ltr'><strong>desiderans,</strong></span> 
     </span>
     <span class='ocr_line' id='line_1_21' title="bbox 124 1261 1264 1315; baseline 0.002 -16"><span class='ocrx_word' id='word_1_153' title='bbox 124 1261 321 1300; x_wconf 86' lang='lat' dir='ltr'><strong>neminem</strong></span> <span class='ocrx_word' id='word_1_154' title='bbox 340 1262 470 1314; x_wconf 86' lang='lat' dir='ltr'><strong>plane,</strong></span> <span class='ocrx_word' id='word_1_155' title='bbox 492 1262 561 1314; x_wconf 89' lang='lat' dir='ltr'><strong>qui</strong></span> <span class='ocrx_word' id='word_1_156' title='bbox 590 1269 690 1300; x_wconf 82' lang='lat' dir='ltr'><strong>recte</strong></span> <span class='ocrx_word' id='word_1_157' title='bbox 717 1262 905 1315; x_wconf 89' lang='lat' dir='ltr'><strong>appellari</strong></span> <span class='ocrx_word' id='word_1_158' title='bbox 924 1263 1108 1315; x_wconf 85' lang='lat' dir='ltr'><strong>eloquens</strong></span> <span class='ocrx_word' id='word_1_159' title='bbox 1122 1275 1210 1314; x_wconf 78' lang='lat' dir='ltr'><strong>poss</strong></span> <span class='ocrx_word' id='word_1_160' title='bbox 1198 1270 1264 1308; x_wconf 86' lang='lat' dir='ltr'><strong>et,</strong></span> 
     </span>
     <span class='ocr_line' id='line_1_22' title="bbox 123 1315 1266 1364; baseline 0.002 -11"><span class='ocrx_word' id='word_1_161' title='bbox 123 1315 290 1354; x_wconf 80' lang='lat' dir='ltr'><strong>videbat.</strong></span> <span class='ocrx_word' id='word_1_162' title='bbox 321 1315 442 1364; x_wconf 86' lang='lat' dir='ltr'><strong>Quod</strong></span> <span class='ocrx_word' id='word_1_163' title='bbox 474 1316 507 1354; x_wconf 90' lang='lat' dir='ltr'><strong>si</strong></span> <span class='ocrx_word' id='word_1_164' title='bbox 532 1316 599 1355; x_wconf 82' lang='grc'>1118</span> <span class='ocrx_word' id='word_1_165' title='bbox 627 1329 698 1354; x_wconf 87' lang='grc'>1180</span> <span class='ocrx_word' id='word_1_166' title='bbox 724 1329 764 1354; x_wconf 90' lang='grc'><strong>58</strong></span> <span class='ocrx_word' id='word_1_167' title='bbox 792 1330 862 1356; x_wconf 85' lang='grc'>1180</span> <span class='ocrx_word' id='word_1_168' title='bbox 893 1317 940 1355; x_wconf 89' lang='lat' dir='ltr'><strong>L.</strong></span> <span class='ocrx_word' id='word_1_169' title='bbox 973 1317 1158 1356; x_wconf 88' lang='lat' dir='ltr'><strong>(rassum</strong></span> <span class='ocrx_word' id='word_1_170' title='bbox 1187 1317 1266 1355; x_wconf 87' lang='lat' dir='ltr'><strong>elo·</strong></span> 
     </span>
     <span class='ocr_line' id='line_1_23' title="bbox 124 1370 1266 1434; baseline 0.001 -25"><span class='ocrx_word' id='word_1_171' title='bbox 124 1378 310 1422; x_wconf 85' lang='lat' dir='ltr'><strong>quentem</strong></span> <span class='ocrx_word' id='word_1_172' title='bbox 358 1370 525 1423; x_wconf 76' lang='lat' dir='ltr'><strong>putavit,</strong></span> <span class='ocrx_word' id='word_1_173' title='bbox 563 1371 703 1409; x_wconf 87' lang='lat' dir='ltr'><strong>habuit</strong></span> <span class='ocrx_word' id='word_1_174' title='bbox 739 1372 910 1424; x_wconf 87' lang='lat' dir='ltr'><strong>profecto</strong></span> <span class='ocrx_word' id='word_1_175' title='bbox 948 1371 1266 1434; x_wconf 77' lang='lat' dir='ltr'><strong>comprehensam</strong></span> 
     </span>
     <span class='ocr_line' id='line_1_24' title="bbox 121 1424 1266 1478; baseline 0.002 -15"><span class='ocrx_word' id='word_1_176' title='bbox 121 1425 255 1464; x_wconf 83' lang='lat' dir='ltr'><strong>animo</strong></span> <span class='ocrx_word' id='word_1_177' title='bbox 284 1425 499 1478; x_wconf 87' lang='lat' dir='ltr'><strong>quamdam</strong></span> <span class='ocrx_word' id='word_1_178' title='bbox 525 1424 694 1464; x_wconf 81' lang='lat' dir='ltr'><strong>formam</strong></span> <span class='ocrx_word' id='word_1_179' title='bbox 716 1426 961 1478; x_wconf 68' lang='lat' dir='ltr'><strong>eloquentiae,</strong></span> <span class='ocrx_word' id='word_1_180' title='bbox 990 1427 1052 1465; x_wconf 89' lang='lat' dir='ltr'><strong>cui</strong></span> <span class='ocrx_word' id='word_1_181' title='bbox 1079 1427 1266 1478; x_wconf 85' lang='lat' dir='ltr'><strong>quoniam</strong></span> 
     </span>
     <span class='ocr_line' id='line_1_25' title="bbox 122 1480 1264 1534; baseline 0.002 -16"><span class='ocrx_word' id='word_1_182' title='bbox 122 1480 223 1518; x_wconf 91' lang='lat' dir='ltr'><strong>nihil</strong></span> <span class='ocrx_word' id='word_1_183' title='bbox 251 1480 396 1529; x_wconf 87' lang='lat' dir='ltr'><strong>deerat,</strong></span> <span class='ocrx_word' id='word_1_184' title='bbox 418 1493 495 1529; x_wconf 90' lang='lat' dir='ltr'><strong>eos,</strong></span> <span class='ocrx_word' id='word_1_185' title='bbox 524 1480 668 1532; x_wconf 89' lang='lat' dir='ltr'><strong>quibus</strong></span> <span class='ocrx_word' id='word_1_186' title='bbox 695 1481 844 1533; x_wconf 80' lang='lat' dir='ltr'><strong>aliquid</strong></span> <span class='ocrx_word' id='word_1_187' title='bbox 871 1490 938 1520; x_wconf 85' lang='lat' dir='ltr'><strong>aut</strong></span> <span class='ocrx_word' id='word_1_188' title='bbox 957 1482 1072 1534; x_wconf 88' lang='lat' dir='ltr'><strong>plura</strong></span> <span class='ocrx_word' id='word_1_189' title='bbox 1091 1482 1264 1531; x_wconf 84' lang='lat' dir='ltr'><strong>deerant,</strong></span> 
     </span>
     <span class='ocr_line' id='line_1_26' title="bbox 120 1534 1266 1589; baseline 0.002 -16"><span class='ocrx_word' id='word_1_190' title='bbox 120 1534 162 1573; x_wconf 90' lang='lat' dir='ltr'><strong>in</strong></span> <span class='ocrx_word' id='word_1_191' title='bbox 178 1548 264 1574; x_wconf 91' lang='lat' dir='ltr'><strong>eam</strong></span> <span class='ocrx_word' id='word_1_192' title='bbox 284 1535 452 1575; x_wconf 86' lang='lat' dir='ltr'><strong>formam</strong></span> <span class='ocrx_word' id='word_1_193' title='bbox 466 1547 545 1573; x_wconf 90' lang='lat' dir='ltr'><strong>non</strong></span> <span class='ocrx_word' id='word_1_194' title='bbox 560 1543 710 1587; x_wconf 90' lang='lat' dir='ltr'><strong>poterat</strong></span> <span class='ocrx_word' id='word_1_195' title='bbox 725 1535 933 1575; x_wconf 84' lang='lat' dir='ltr'><strong>includere.</strong></span> <span class='ocrx_word' id='word_1_196' title='bbox 966 1536 1266 1589; x_wconf 86' lang='lat' dir='ltr'><strong>Investigemus,</strong></span> 
     </span>
     <span class='ocr_line' id='line_1_27' title="bbox 120 1589 1266 1644; baseline 0.002 -16"><span class='ocrx_word' id='word_1_197' title='bbox 120 1589 227 1629; x_wconf 91' lang='lat' dir='ltr'><strong>hunc</strong></span> <span class='ocrx_word' id='word_1_198' title='bbox 257 1591 392 1643; x_wconf 84' lang='lat' dir='ltr'><strong>igitur,</strong></span> <span class='ocrx_word' id='word_1_199' title='bbox 425 1591 565 1638; x_wconf 85' lang='lat' dir='ltr'><strong>Brute,</strong></span> <span class='ocrx_word' id='word_1_200' title='bbox 601 1590 632 1628; x_wconf 87' lang='grc'><strong>51</strong></span> <span class='ocrx_word' id='word_1_201' title='bbox 660 1603 882 1643; x_wconf 82' lang='lat' dir='ltr'><strong>possumus,</strong></span> <span class='ocrx_word' id='word_1_202' title='bbox 912 1605 1030 1644; x_wconf 90' lang='lat' dir='ltr'><strong>quem</strong></span> <span class='ocrx_word' id='word_1_203' title='bbox 1060 1604 1266 1643; x_wconf 86' lang='lat' dir='ltr'><strong>nunquam</strong></span> 
     </span>
     <span class='ocr_line' id='line_1_28' title="bbox 120 1644 1265 1708; baseline 0.002 -25"><span class='ocrx_word' id='word_1_204' title='bbox 120 1644 217 1684; x_wconf 86' lang='lat' dir='ltr'><strong>vidit</strong></span> <span class='ocrx_word' id='word_1_205' title='bbox 229 1645 444 1708; x_wconf 73' lang='lat' dir='ltr'><strong>Antonius,</strong></span> <span class='ocrx_word' id='word_1_206' title='bbox 463 1653 530 1684; x_wconf 89' lang='lat' dir='ltr'><strong>aut</strong></span> <span class='ocrx_word' id='word_1_207' title='bbox 543 1646 613 1697; x_wconf 87' lang='lat' dir='ltr'><strong>qui</strong></span> <span class='ocrx_word' id='word_1_208' title='bbox 631 1646 792 1685; x_wconf 87' lang='lat' dir='ltr'><strong>omnino</strong></span> <span class='ocrx_word' id='word_1_209' title='bbox 812 1646 945 1685; x_wconf 79' lang='lat' dir='ltr'><strong>nullus</strong></span> <span class='ocrx_word' id='word_1_210' title='bbox 965 1659 1143 1699; x_wconf 90' lang='lat' dir='ltr'><strong>unquam</strong></span> <span class='ocrx_word' id='word_1_211' title='bbox 1162 1646 1265 1693; x_wconf 81' lang='lat' dir='ltr'><strong>fuit,</strong></span> <span class='ocrx_word' id='word_1_212' title='bbox 1252 1663 1264 1672; x_wconf 87' lang='lat'><em>·</em></span> 
     </span>
     <span class='ocr_line' id='line_1_29' title="bbox 122 1678 1266 1754; baseline 0.003 -16"><span class='ocrx_word' id='word_1_213' title='bbox 122 1713 242 1752; x_wconf 88' lang='lat' dir='ltr'><strong>quem</strong></span> <span class='ocrx_word' id='word_1_214' title='bbox 254 1700 286 1739; x_wconf 88' lang='lat' dir='ltr'><strong>si</strong></span> <span class='ocrx_word' id='word_1_215' title='bbox 301 1700 446 1739; x_wconf 83' lang='lat' dir='ltr'><strong>imitari</strong></span> <span class='ocrx_word' id='word_1_216' title='bbox 458 1708 575 1752; x_wconf 83' lang='lat' dir='ltr'><strong>atque</strong></span> <span class='ocrx_word' id='word_1_217' title='bbox 591 1701 806 1752; x_wconf 81' lang='lat' dir='ltr'><strong>exprimere</strong></span> <span class='ocrx_word' id='word_1_218' title='bbox 821 1714 899 1740; x_wconf 90' lang='lat' dir='ltr'><strong>non</strong></span> <span class='ocrx_word' id='word_1_219' title='bbox 916 1678 1266 1754; x_wconf 76' lang='lat' dir='ltr'><strong>possumuS,(quo‹i</strong></span> 
     </span>
     <span class='ocr_line' id='line_1_30' title="bbox 121 1754 1267 1810; baseline 0.003 -17"><span class='ocrx_word' id='word_1_220' title='bbox 121 1754 227 1794; x_wconf 89' lang='lat' dir='ltr'><strong>idem</strong></span> <span class='ocrx_word' id='word_1_221' title='bbox 245 1755 312 1794; x_wconf 87' lang='grc'>1118</span> <span class='ocrx_word' id='word_1_222' title='bbox 331 1755 398 1794; x_wconf 83' lang='lat' dir='ltr'><strong>vix</strong></span> <span class='ocrx_word' id='word_1_223' title='bbox 418 1755 506 1794; x_wconf 91' lang='lat' dir='ltr'><strong>Deo</strong></span> <span class='ocrx_word' id='word_1_224' title='bbox 525 1768 749 1794; x_wconf 89' lang='lat' dir='ltr'><strong>concessum</strong></span> <span class='ocrx_word' id='word_1_225' title='bbox 770 1769 849 1795; x_wconf 89' lang='lat' dir='ltr'><strong>esse</strong></span> <span class='ocrx_word' id='word_1_226' title='bbox 868 1756 1036 1805; x_wconf 84' lang='lat' dir='ltr'><strong>dicebat)</strong></span> <span class='ocrx_word' id='word_1_227' title='bbox 1064 1764 1119 1806; x_wconf 87' lang='lat' dir='ltr'><strong>at,</strong></span> <span class='ocrx_word' id='word_1_228' title='bbox 1140 1758 1267 1810; x_wconf 74' lang='lat' dir='ltr'><strong>qualis</strong></span> 
     </span>
     <span class='ocr_line' id='line_1_31' title="bbox 123 1809 946 1872; baseline 0.001 -23"><span class='ocrx_word' id='word_1_229' title='bbox 123 1823 204 1849; x_wconf 89' lang='lat' dir='ltr'><strong>esse</strong></span> <span class='ocrx_word' id='word_1_230' title='bbox 224 1809 377 1859; x_wconf 87' lang='lat' dir='ltr'><strong>debeat,</strong></span> <span class='ocrx_word' id='word_1_231' title='bbox 397 1810 626 1872; x_wconf 87' lang='lat' dir='ltr'><strong>poterimus</strong></span> <span class='ocrx_word' id='word_1_232' title='bbox 631 1810 790 1850; x_wconf 84' lang='lat' dir='ltr'><strong>fortasse</strong></span> <span class='ocrx_word' id='word_1_233' title='bbox 809 1811 946 1850; x_wconf 85' lang='lat' dir='ltr'><strong>dicere.</strong></span> 
     </span>
    </p>

    <p class='ocr_par' dir='ltr' id='par_1_4' title="bbox 114 1864 1275 2304">
     <span class='ocr_line' id='line_1_32' title="bbox 180 1864 1267 1920; baseline 0.004 -17"><span class='ocrx_word' id='word_1_234' title='bbox 180 1865 258 1903; x_wconf 91' lang='lat' dir='ltr'><strong>VI.</strong></span> <span class='ocrx_word' id='word_1_235' title='bbox 295 1864 394 1904; x_wconf 86' lang='lat' dir='ltr'><strong>Tria</strong></span> <span class='ocrx_word' id='word_1_236' title='bbox 412 1873 504 1904; x_wconf 90' lang='lat' dir='ltr'><strong>sunt</strong></span> <span class='ocrx_word' id='word_1_237' title='bbox 521 1865 682 1904; x_wconf 87' lang='lat' dir='ltr'><strong>omnino</strong></span> <span class='ocrx_word' id='word_1_238' title='bbox 711 1878 853 1918; x_wconf 87' lang='lat' dir='ltr'><strong>genera</strong></span> <span class='ocrx_word' id='word_1_239' title='bbox 872 1866 1040 1914; x_wconf 88' lang='lat' dir='ltr'><strong>dicendi,</strong></span> <span class='ocrx_word' id='word_1_240' title='bbox 1062 1867 1235 1920; x_wconf 87' lang='lat' dir='ltr'><strong>quibus</strong></span> <span class='ocrx_word' id='word_1_241' title='bbox 1225 1881 1267 1907; x_wconf 87' lang='grc'><strong>111</strong></span> 
     </span>
     <span class='ocr_line' id='line_1_33' title="bbox 121 1919 1268 1975; baseline 0.002 -16"><span class='ocrx_word' id='word_1_242' title='bbox 121 1919 289 1972; x_wconf 81' lang='lat' dir='ltr'><strong>singulis</strong></span> <span class='ocrx_word' id='word_1_243' title='bbox 303 1919 466 1972; x_wconf 86' lang='lat' dir='ltr'><strong>quidam</strong></span> <span class='ocrx_word' id='word_1_244' title='bbox 480 1919 720 1967; x_wconf 83' lang='lat' dir='ltr'><strong>floruerunt3</strong></span> <span class='ocrx_word' id='word_1_245' title='bbox 750 1934 931 1973; x_wconf 86' lang='lat' dir='ltr'><strong>peraeque</strong></span> <span class='ocrx_word' id='word_1_246' title='bbox 942 1930 1075 1961; x_wconf 89' lang='lat' dir='ltr'><strong>autem</strong></span> <span class='ocrx_word' id='word_1_247' title='bbox 1089 1922 1147 1965; x_wconf 85' lang='lat' dir='ltr'><strong>(id</strong></span> <span class='ocrx_word' id='word_1_248' title='bbox 1161 1923 1268 1975; x_wconf 90' lang='lat' dir='ltr'><strong>quod</strong></span> 
     </span>
     <span class='ocr_line' id='line_1_34' title="bbox 121 1975 1268 2041; baseline 0.004 -29"><span class='ocrx_word' id='word_1_249' title='bbox 121 1975 324 2022; x_wconf 85' lang='lat' dir='ltr'><strong>volumus)</strong></span> <span class='ocrx_word' id='word_1_250' title='bbox 354 1975 540 2027; x_wconf 87' lang='lat' dir='ltr'><strong>perpauci</strong></span> <span class='ocrx_word' id='word_1_251' title='bbox 564 1975 607 2013; x_wconf 90' lang='lat' dir='ltr'><strong>in</strong></span> <span class='ocrx_word' id='word_1_252' title='bbox 633 1976 828 2014; x_wconf 90' lang='lat' dir='ltr'><strong>omnibus.</strong></span> <span class='ocrx_word' id='word_1_253' title='bbox 887 1977 996 2015; x_wconf 83' lang='lat' dir='ltr'><strong>Nam</strong></span> <span class='ocrx_word' id='word_1_254' title='bbox 1015 1984 1053 2015; x_wconf 89' lang='lat' dir='ltr'><strong>et</strong></span> <span class='ocrx_word' id='word_1_255' title='bbox 1071 1978 1268 2041; x_wconf 78' lang='lat' dir='ltr'><strong>grandilo-</strong></span> 
     </span>
     <span class='ocr_line' id='line_1_35' title="bbox 122 2028 1268 2084; baseline 0.004 -17"><span class='ocrx_word' id='word_1_256' title='bbox 122 2029 194 2082; x_wconf 87' lang='lat' dir='ltr'><strong>qui</strong></span> <span class='ocrx_word' id='word_1_257' title='bbox 213 2032 276 2073; x_wconf 89' lang='lat' dir='ltr'><strong>(ut</strong></span> <span class='ocrx_word' id='word_1_258' title='bbox 294 2029 350 2067; x_wconf 85' lang='lat' dir='ltr'><strong>ita</strong></span> <span class='ocrx_word' id='word_1_259' title='bbox 368 2028 513 2077; x_wconf 82' lang='lat' dir='ltr'><strong>dicam)</strong></span> <span class='ocrx_word' id='word_1_260' title='bbox 533 2030 694 2069; x_wconf 85' lang='lat' dir='ltr'><strong>fuerunt</strong></span> <span class='ocrx_word' id='word_1_261' title='bbox 719 2044 811 2070; x_wconf 90' lang='lat' dir='ltr'><strong>cum</strong></span> <span class='ocrx_word' id='word_1_262' title='bbox 838 2031 971 2084; x_wconf 87' lang='lat' dir='ltr'><strong>ampla</strong></span> <span class='ocrx_word' id='word_1_263' title='bbox 997 2039 1035 2070; x_wconf 86' lang='lat' dir='ltr'><strong>et</strong></span> <span class='ocrx_word' id='word_1_264' title='bbox 1061 2034 1268 2072; x_wconf 88' lang='lat' dir='ltr'><strong>sententia-</strong></span> 
     </span>
     <span class='ocr_line' id='line_1_36' title="bbox 120 2084 1266 2137; baseline 0.004 -16"><span class='ocrx_word' id='word_1_265' title='bbox 120 2096 214 2122; x_wconf 89' lang='lat' dir='ltr'><strong>rum</strong></span> <span class='ocrx_word' id='word_1_266' title='bbox 237 2084 442 2136; x_wconf 86' lang='lat' dir='ltr'><strong>gravitate,</strong></span> <span class='ocrx_word' id='word_1_267' title='bbox 463 2090 502 2123; x_wconf 82' lang='lat' dir='ltr'><strong>et</strong></span> <span class='ocrx_word' id='word_1_268' title='bbox 526 2086 727 2135; x_wconf 81' lang='lat' dir='ltr'><strong>majestate</strong></span> <span class='ocrx_word' id='word_1_269' title='bbox 755 2087 977 2135; x_wconf 88' lang='lat' dir='ltr'><strong>verborum,</strong></span> <span class='ocrx_word' id='word_1_270' title='bbox 1005 2086 1266 2137; x_wconf 80' lang='lat' dir='ltr'><strong>vehementes,</strong></span> 
     </span>
     <span class='ocr_line' id='line_1_37' title="bbox 114 2138 1267 2201; baseline 0.003 -24"><span class='ocrx_word' id='word_1_271' title='bbox 114 2139 236 2188; x_wconf 70' lang='lat' dir='ltr'><strong>varii,</strong></span> <span class='ocrx_word' id='word_1_272' title='bbox 257 2138 414 2201; x_wconf 57' lang='lat' dir='ltr'><strong>copiosi,</strong></span> <span class='ocrx_word' id='word_1_273' title='bbox 437 2151 598 2190; x_wconf 83' lang='lat' dir='ltr'><strong>graves3</strong></span> <span class='ocrx_word' id='word_1_274' title='bbox 629 2139 679 2178; x_wconf 85' lang='lat' dir='ltr'><strong>ad</strong></span> <span class='ocrx_word' id='word_1_275' title='bbox 697 2141 978 2192; x_wconf 90' lang='lat' dir='ltr'><strong>permovendos</strong></span> <span class='ocrx_word' id='word_1_276' title='bbox 994 2148 1031 2180; x_wconf 90' lang='lat' dir='ltr'><strong>et</strong></span> <span class='ocrx_word' id='word_1_277' title='bbox 1043 2150 1267 2181; x_wconf 85' lang='lat' dir='ltr'><strong>converten-</strong></span> 
     </span>
     <span class='ocr_line' id='line_1_38' title="bbox 118 2192 1267 2256; baseline 0.003 -24"><span class='ocrx_word' id='word_1_278' title='bbox 118 2192 193 2232; x_wconf 86' lang='lat' dir='ltr'><strong>dos</strong></span> <span class='ocrx_word' id='word_1_279' title='bbox 218 2193 371 2233; x_wconf 89' lang='lat' dir='ltr'><strong>animos</strong></span> <span class='ocrx_word' id='word_1_280' title='bbox 395 2193 575 2233; x_wconf 87' lang='lat' dir='ltr'><strong>instructi</strong></span> <span class='ocrx_word' id='word_1_281' title='bbox 604 2200 642 2232; x_wconf 87' lang='lat' dir='ltr'><strong>et</strong></span> <span class='ocrx_word' id='word_1_282' title='bbox 660 2194 798 2256; x_wconf 84' lang='lat' dir='ltr'><strong>parati.</strong></span> <span class='ocrx_word' id='word_1_283' title='bbox 829 2194 981 2243; x_wconf 88' lang='lat' dir='ltr'><strong>Quod</strong></span> <span class='ocrx_word' id='word_1_284' title='bbox 970 2208 1100 2248; x_wconf 77' lang='lat' dir='ltr'><strong>ipsum</strong></span> <span class='ocrx_word' id='word_1_285' title='bbox 1120 2196 1187 2234; x_wconf 84' lang='lat' dir='ltr'><strong>alii</strong></span> <span class='ocrx_word' id='word_1_286' title='bbox 1206 2210 1267 2236; x_wconf 86' lang='grc'><strong>35-</strong></span> 
     </span>
     <span class='ocr_line' id='line_1_39' title="bbox 120 2247 1275 2304; baseline 0.003 -17"><span class='ocrx_word' id='word_1_287' title='bbox 120 2248 231 2299; x_wconf 58' lang='lat' dir='ltr'><strong>perir,</strong></span> <span class='ocrx_word' id='word_1_288' title='bbox 251 2248 367 2297; x_wconf 85' lang='grc'>111511,</span> <span class='ocrx_word' id='word_1_289' title='bbox 395 2247 555 2288; x_wconf 84' lang='lat' dir='ltr'><strong>horrida</strong></span> <span class='ocrx_word' id='word_1_290' title='bbox 582 2249 767 2297; x_wconf 86' lang='lat' dir='ltr'><strong>oratione,</strong></span> <span class='ocrx_word' id='word_1_291' title='bbox 788 2262 916 2301; x_wconf 88' lang='lat' dir='ltr'><strong>neque</strong></span> <span class='ocrx_word' id='word_1_292' title='bbox 941 2249 1112 2302; x_wconf 85' lang='lat' dir='ltr'><strong>perfecta</strong></span> <span class='ocrx_word' id='word_1_293' title='bbox 1140 2260 1275 2304; x_wconf 86' lang='lat' dir='ltr'><strong>neque&#39;</strong></span> 
     </span>
    </p>

    <p class='ocr_par' dir='ltr' id='par_1_5' title="bbox 924 2305 998 2342">
     <span class='ocr_line' id='line_1_40' title="bbox 924 2305 998 2342; baseline -0.014 0"><span class='ocrx_word' id='word_1_294' title='bbox 924 2316 950 2342; x_wconf 78' lang='grc' dir='ltr'><strong>Β</strong></span> <span class='ocrx_word' id='word_1_295' title='bbox 971 2305 998 2341; x_wconf 87' lang='grc'><strong>3</strong></span> 
     </span>
    </p>
   </div>
  </div>
 </body>
</html>
