1456 2396
306 106 387 146 DE
417 106 666 156 FINIBUS,
696 106 798 146 L1B.
817 105 873 146 ΙΙ.
901 107 1008 147 CAP.
1029 107 1094 145 31.
1184 106 1263 150 417

140 216 368 267 luptatibus,
397 228 468 253 nec
500 213 748 265 praemiorum
780 215 1019 254 mercedibus
1051 222 1262 253 evocatam.

141 270 262 317 Quod
281 270 384 308 enim
408 268 670 307 testimonium
694 271 821 320 majus
845 269 1067 320 quaerimus,
1089 283 1176 320 quae
1193 269 1264 306 ho-

141 331 250 361 nesta
268 331 305 362 et
323 331 424 362 recta
443 323 533 368 sint,
553 322 636 373 ipsa
657 337 736 362 esse
763 324 946 375 optabilia
964 337 1031 374 per
1050 336 1142 372 sese,
1173 335 1264 360 cum

143 377 342 416 videamus
360 384 468 416 tanta
485 376 608 415 officia
626 378 852 416 morientis?
882 378 972 426 Sed,
1000 385 1046 415 ut
1064 377 1265 428 epistolam

138 431 379 470 laudandam
399 431 559 470 arbitror
584 443 684 478 eam,
715 445 834 483 quam
865 432 980 470 modo
1006 431 1166 469 totidem
1187 431 1266 468 fere

134 486 268 524 .verbis
285 486 554 537 interpretatus
573 498 659 522 sum
675 486 932 538 (quamquam
948 499 992 524 ea
1010 498 1099 524 cum
1111 484 1267 523 summa

144 541 227 590 eius
239 540 491 592 philosophiae
502 539 611 577 nullo
624 540 740 578 modo
752 540 1019 591 congruebat),
1031 539 1082 578 sic
1094 539 1266 590 ejusdem

146 601 418 632 testamentum
435 606 514 632 non
543 593 668 631 solum
688 608 711 632 a
729 594 946 645 philosophi
973 594 1172 645 gravitate,
1199 592 1267 631 sed

146 647 262 687 etiam
281 649 358 687 ab
347 649 467 700 1psius
486 648 684 692 sententia,
703 648 834 698 judico
855 649 1080 700 discrepare.
1110 646 1269 699 Scripsit

144 702 263 751 enim,
284 709 321 741 et
339 702 473 741 multis
506 715 605 753 saepe
623 703 760 750 verbis,
781 711 819 741 et
845 703 1007 741 breviter
1031 708 1196 753 apteque
1225 701 1268 738 'm

146 769 191 795 eo
204 756 303 795 libro
319 770 435 810 quem
448 756 564 794 modo
577 756 787 804 nominavi,
811 760 839 780 ‘⁶
852 765 1015 795 mortem
1029 756 1127 794 nihil
1138 755 1187 794 ad
1199 767 1269 794 nos

143 811 356 862 pertinere:
392 810 497 863 quod
529 810 632 848 enim
660 811 890 849 dissolutum
921 811 984 860 sit,
1011 810 1052 848 id
1083 823 1162 849 esse
1186 809 1267 848 sine

144 877 282 903 sensu:
314 865 419 917 quod
440 874 572 903 autem
597 865 679 904 sine
705 878 814 904 sensu
843 866 904 912 sit,
925 865 965 902 id
983 864 1081 902 nihil
1109 864 1268 902 omnino

144 919 195 957 ad
213 932 282 958 nos
300 920 532 971 pertinere.’'
571 919 691 958 Hoc
681 933 809 971 1psum
830 919 1039 971 elegantius
1057 918 1164 970 poni,
1184 931 1268 956 me-

144 973 310 1025 liusque,
338 974 474 1035 potuit.
504 973 612 1012 Nam
640 974 745 1035 quod
772 974 826 1012 ita
852 973 1022 1025 positum
1050 979 1120 1020 est,
1148 972 1267 1020 Quod

144 1027 374 1066 dissolutum
393 1028 456 1076 sit,
475 1027 516 1066 id
535 1041 614 1067 esse
632 1029 714 1067 sine
732 1041 859 1076 5511511,
872 1027 912 1066 1(1
932 1001 1121 1077 ejusmodi
1139 1034 1208 1073 est,
1225 1034 1270 1064 ut

144 1094 221 1120 non
242 1083 330 1121 satis
348 1083 462 1135 plane
481 1082 595 1131 dicat,
610 1082 705 1134 quid
719 1082 769 1121 sit
780 1082 1021 1120 dissolutum.
1047 1081 1123 1120 Sed
1140 1088 1269 1118 tamen

143 1136 330 1188 intelligo,
358 1137 453 1189 quid
471 1136 574 1176 velit.
606 1138 751 1185 Quaero
780 1145 923 1185 autem,
949 1136 1044 1188 quid
1063 1136 1126 1183 sit,
1148 1134 1267 1196 quod,

143 1204 234 1230 cum
252 1191 512 1240 dissolutione,
532 1191 573 1229 id
591 1199 660 1240 est,
681 1198 817 1239 morte,
838 1203 969 1230 sensus
987 1189 1112 1229 omnis
1125 1189 1270 1228 exstin-

143 1253 286 1296 guatur
302 1260 315 1293 ς
345 1254 383 1285 51
401 1259 490 1284 cum
509 1246 646 1297 reliqui
665 1245 764 1284 nihil
794 1246 842 1284 sit
867 1245 1038 1291 omnino,
1061 1243 1165 1295 quod
1182 1257 1268 1295 per-

144 1299 264 1338 tineat
282 1300 331 1339 ad
357 1313 454 1347 nos3
486 1309 567 1339 tam
591 1307 777 1349 accurate,
799 1307 958 1351 tamque
985 1298 1187 1349 diligenter
1205 1311 1268 1336 ca-

143 1361 230 1393 veat
259 1362 296 1393 et
329 1354 486 1404 sanciat,
519 1362 564 1393 ut
592 1354 916 1419 Amynomachus
949 1361 985 1391 et
1011 1353 1264 1399 Timocrates,

142 1407 312 1448 haeredes
331 1409 405 1457 sui,
426 1409 473 1447 de
494 1409 708 1448 Hermachi
727 1407 913 1447 sententia
931 1408 1036 1453 dent,
1058 1407 1162 1468 quod
1181 1407 1270 1448 satis

142 1462 190 1501 sit
201 1463 250 1501 ad
264 1464 367 1502 diem
382 1463 576 1515 agendum
590 1464 756 1501 natalem
772 1476 887 1501 suum
901 1462 1122 1522 quotannis,
1135 1473 1266 1499 mense

143 1517 396 1557 Gamelione:
440 1518 611 1569 itemque
640 1518 819 1556 omnibus
842 1516 1052 1580 mensibus,
1086 1514 1269 1554 vicesimo

141 1571 203 1610 die
221 1572 338 1621 lunae,
359 1573 450 1611 dent
469 1572 518 1610 ad
537 1584 670 1610 eorum
689 1572 836 1623 epulas,
853 1571 921 1622 qui
939 1583 1017 1608 una
1036 1582 1165 1608 secum
1180 1568 1270 1620 phi-

141 1626 331 1678 losophati
350 1627 439 1675 sint,
459 1634 504 1665 ut
523 1633 560 1665 et
585 1626 644 1665 sui
663 1634 700 1665 et
718 1625 934 1666 Metrodori
957 1624 1145 1663 memoria
1169 1623 1271 1662 cola-

142 1690 218 1719 tur.

198 1736 298 1775 Haec
316 1749 387 1787 ego
405 1749 483 1774 non
501 1748 659 1788 possum
685 1735 809 1774 dicere
836 1747 914 1773 non
942 1747 1021 1773 esse
1045 1731 1214 1771 hominis
1233 1738 1271 1769 et

144 1791 237 1829 belli
256 1798 293 1829 et
310 1790 502 1837 humani3
533 1789 712 1842 sapientis
731 1802 820 1828 vero
838 1789 947 1827 nullo
969 1788 1100 1835 modo,
1121 1786 1270 1838 physici

144 1845 371 1906 praesertim,
392 1858 510 1897 quem
529 1858 567 1883 se
585 1845 651 1882 ille
669 1844 768 1892 vult,
794 1851 931 1895 putare
950 1842 1076 1880 ullum
1098 1854 1177 1879 5555
1205 1853 1273 1878 cu-

142 1900 327 1951 jusquam
354 1899 457 1938 (115111
485 1900 666 1937 1151515111.
706 1898 847 1946 Quid?
878 1909 1013 1937 verene
1040 1903 1164 1947 potest
1192 1907 1272 1933 esse

146 1953 226 1992 dies
252 1953 403 2005 saepius,
430 1954 499 2020 qui
527 1954 645 1992 semel
673 1952 775 1991 fuit?
805 1959 904 1991 certe
926 1963 1004 1989 non
1030 1957 1166 2002 potest.
1202 1948 1273 1987 An

146 2007 454 2057 ejusdemmodi?
485 2021 535 2046 ne
549 2008 590 2045 id
608 2007 781 2059 quidem,
806 2007 879 2043 11151
898 2018 988 2044 511111
1007 2005 1131 2043 multa
1149 2015 1272 2041 anno-

144 2075 232 2100 rum
265 2062 543 2101 intercesserint
573 2062 711 2108 11111115,
740 2069 783 2098 111
804 2060 981 2098 omnium
1006 2058 1178 2097 siderum
1207 2069 1274 2095 eo-

140 2115 246 2164 dem,
265 2117 369 2155 unde
382 2117 551 2167 profecta
569 2115 658 2164 sint,
673 2115 742 2153 fiat
760 2114 809 2152 ad
823 2127 947 2152 uuum
966 2121 1120 2164 tempus
1143 2124 1269 2150 rever-

143 2170 223 2208 510.
254 2171 385 2210 nullus
404 2179 460 2209 est
472 2170 591 2222 igitur
609 2171 838 2221 cujusquam
852 2168 932 2207 dies
942 2168 1092 2208 natalis.
1121 2167 1181 2206 At
1198 2166 1271 2204 ha-

145 2226 270 2265 betur.
312 2225 368 2265 Et
399 2238 469 2277 ego
497 2225 538 2263 id
568 2223 708 2263 scilicet
736 2223 961 2264 nesciebam.
1004 2222 1094 2272 Sed,
1128 2228 1172 2261 ut
1199 2220 1265 2269 sit,
