1456 2396
254 56 332 95 120
402 55 578 96 ORAT.
600 55 1016 97 PARTITIONES.
1033 57 1141 114 Car).
1163 59 1228 113 ἓξ.

251 173 309 205 ter
321 179 360 205 se
379 174 626 218 expetuntur,
646 167 786 218 partim
799 167 996 206 honestate
1010 167 1109 219 ipsa,
1121 166 1384 218 partim-com-

253 220 438 259 moditate
457 221 603 273 aliqua,
624 228 880 273 expetuntur:
911 222 1122 267 honestate,
1134 234 1180 259 03
1194 234 1282 273 quae
1291 233 1382 272 pro-

253 275 475 313 ficiscuntur
494 277 542 314 ab
561 275 607 313 iis
626 275 845 322 virtutibus,
865 275 913 314 de
932 274 1074 327 quibus
1091 275 1209 327 paulo
1227 283 1315 313 ante
1327 281 1385 312 oet

253 329 427 374 dictum,
459 343 546 381 quae
565 338 654 368 sunt
675 329 921 368 laudabilia‘
909 344 993 391 ipsa
1018 343 1087 381 per
1113 342 1181 376 se;
1211 341 1382 368 commo-

254 383 373 422 ditate
391 392 521 422 autem
535 383 681 435 aliqua,
702 399 789 436 quae
808 393 897 423 sunt
916 384 956 422 in
976 383 1141 435 corporis
1159 392 1228 422 aut
1245 383 1286 421 in
1304 382 1383 420 for-

253 444 361 476 tunae
378 438 488 477 bonis
507 439 747 490 expetenda:
779 451 945 491 quorum
965 438 1040 477 alia
1059 445 1149 476 sunt
1167 437 1277 489 (111351
1295 449 1385 475 011111

253 491 452 531 honestate
465 494 682 542 conjuncta,
696 501 741 531 ut
751 493 887 539 honos,
903 501 948 531 ut
965 492 1115 544 gloria;
1137 491 1212 530 alia
1222 491 1385 537 diversa,

251 553 298 584 ut
312 546 423 593 vires,
439 546 576 595 forma,
597 547 789 595 valetudo,
805 547 999 594 nobilitas,
1013 547 1170 593 divitiae,
1186 545 1383 585 clientelae.

311 600 451 640 XXV.
481 601 554 640 Est
569 602 683 640 etiam
701 601 878 653 quaedam
891 602 1001 653 (111351
1019 600 1196 639 materiae
1215 601 1386 650 subjecta

257 655 463 704 honestati,
484 669 571 708 quae
589 656 759 694 maxime
778 664 968 707 spectatur
985 656 1026 693 in
1046 654 1235 695 amicitiis.
1268 653 1386 693 Ami-

257 709 358 748 citiae
375 718 505 748 autem
525 710 680 748 caritate
700 718 737 748 et
755 723 885 748 amore
904 718 1137 748 cernuntur:
1168 721 1276 758 nam,
1296 721 1388 748 eum

255 763 450 813 Deorum,
467 772 552 802 tum
567 767 786 816 parentum,
798 764 1008 817 patriaeque
1020 764 1161 811 cultus,
1175 775 1386 815 eorumque

257 817 479 867 hominum,
497 819 564 870 qui
579 825 646 856 aut
665 819 851 870 sapientia
869 826 936 857 aut
955 819 1092 870 opibus
1111 818 1319 865 excellunt,
1339 817 1390 855 ad

256 872 455 911 caritatem
474 873 605 912 referri
625 873 731 911 solet.
775 873 969 924 Conjuges
988 881 1135 921 autem,
1151 880 1189 911 et
1205 872 1331 919 liberi,
1352 879 1391 910 et

260 927 411 975 fratres,
437 934 474 965 et
493 927 572 974 alii,
594 941 690 979 quos
716 941 808 966 usus
830 926 1147 980 familian‘tasque
1172 925 1392 977 conjunxit,

260 994 502 1033 quamquam
522 983 636 1020 etiam
653 982 807 1021 caritate
820 983 918 1034 ipsa,
936 989 1065 1020 tamen
1078 995 1207 1020 amore
1220 980 1392 1019 maxime

259 1036 516 1074 continentur.
548 1036 595 1074 In
616 1036 677 1074 'nis
697 1036 815 1087 igitur
833 1038 947 1075 rebus
960 1049 1049 1075 cum
1064 1038 1167 1075 bona
1178 1036 1268 1084 sint,
1280 1034 1392 1074 facile

261 1098 319 1128 est
346 1090 556 1139 intellectu,
579 1105 666 1143 quae
693 1090 767 1129 sint
795 1091 994 1130 contraria.
1042 1090 1162 1139 Quod
1187 1089 1220 1129 si
1241 1103 1392 1142 semper

258 1145 409 1196 optima
423 1153 550 1184 tenere
567 1158 781 1197 possemus,
793 1145 899 1184 haud
913 1158 1018 1195 sane,
1034 1145 1219 1197 quoniam
1233 1144 1393 1197 quidem

260 1211 308 1237 ea
325 1199 525 1251 perspicua
545 1207 648 1247 sunt,
672 1200 829 1239 consilio
847 1200 1020 1238 multum
1040 1212 1251 1252 egeremus»
1298 1198 1390 1246 Sed,

261 1254 355 1305 quia
379 1253 632 1306 temporibus,
661 1268 748 1306 quae
774 1255 854 1293 vim
879 1254 1023 1293 habent
1049 1254 1278 1300 maximam,
1306 1266 1393 1305 per-

262 1321 363 1360 saepe
378 1308 518 1356 evenit,
539 1317 584 1347 ut
603 1309 747 1347 utilitas
766 1322 856 1347 cum
875 1309 1072 1348 honestate
1091 1316 1221 1357 certet,
1241 1321 1394 1347 earum-

262 1376 340 1414 que
359 1376 488 1401 remm
504 1364 694 1402 contentio
706 1364 936 1416 plerumque
950 1363 1239 1402 deliberationes
1250 1361 1392 1405 efficite.

261 1429 312 1455 ne
344 1424 413 1455 aut
442 1426 658 1469 opportuna
685 1426 840 1470 propter
867 1418 1110 1470 dignitatem,
1139 1426 1208 1456 aut
1233 1417 1396 1456 honesta

261 1479 418 1523 propter
445 1472 666 1521 utilitatem,
687 1473 969 1525 relinquantur,
989 1472 1039 1510 ad
1064 1472 1164 1511 hanc
1189 1471 1394 1510 difficulta-

262 1533 343 1564 tem
364 1526 633 1578 explicandam
652 1536 840 1579 praecepta
859 1526 1080 1566 referamus.
1122 1525 1190 1574 Et,
1207 1526 1394 1578 quoniam

263 1590 345 1618 non
364 1580 414 1618 ad
439 1581 636 1619 veritatem
658 1583 798 1630 solum,
820 1582 886 1620 sed
905 1581 1020 1620 etiam
1039 1580 1089 1618 ad
1113 1580 1311 1632 opiniones
1330 1593 1394 1618 οο-

263 1647 353 1673 rum
386 1635 455 1687 qui
485 1635 663 1684 audiunt,
698 1635 1023 1675 accommodanda
1055 1642 1111 1673 est
1142 1634 1289 1681 oratio;
1319 1634 1394 1673 hoc

263 1689 437 1740 primum
465 1689 742 1741 intelligamus,
775 1690 982 1728 hominum
1011 1689 1088 1728 duo
1117 1702 1197 1728 esse
1226 1701 1393 1741 genera;

263 1743 430 1782 alterum
448 1743 647 1782 indoctum
667 1752 704 1782 et
723 1752 882 1795 agreste,
903 1743 1008 1796 quod
1033 1743 1221 1782 anteferat
1245 1756 1396 1795 semper

264 1797 471 1836 utilitatem
491 1798 709 1844 honestati,
699 1812 708 1821 ·
740 1799 906 1837 alterum
923 1798 1142 1837 humanum
1162 1804 1199 1836 et
1212 1797 1394 1850 politum,

266 1852 373 1904 quod
393 1854 507 1891 rebus
526 1852 706 1891 omnibus
734 1853 962 1904 dignitatem
988 1858 1206 1914 anteponat.
1254 1851 1397 1904 Itaque

265 1906 358 1945 huic
376 1906 507 1958 generi
519 1906 618 1954 laus,
639 1907 775 1953 honor,
797 1907 933 1958 gloria,
947 1906 1055 1955 fides,
1068 1906 1232 1956 justitia,
1251 1906 1397 1945 omnis-

266 1974 343 2012 que
362 1961 497 2009 virtus,
513 1961 572 1999 1111
590 1967 719 1999 autem
735 1962 858 2010 alteri,
875 1968 1058 2023 quamtus,
1072 1961 1397 2009 emolumentum,

263 2015 504 2068 fructusque,
525 2015 764 2077 proponitur.
807 2016 943 2068 Atque
962 2016 1079 2054 etiam
1097 2015 1289 2067 voluptas,
1308 2027 1398 2063 quae
1455 2047 1456 2050 ,

264 2070 438 2108 maxime
464 2077 520 2109 est
546 2069 704 2108 inimica
730 2070 877 2118 virtuti,
897 2070 1067 2132 bonique
1085 2077 1265 2108 naturam
1284 2067 1397 2122 falla-

264 2123 358 2162 citer
376 2123 566 2163 imitando
585 2124 790 2172 adulterat,
814 2137 934 2176 quam
958 2123 1262 2162 immanissimus
1291 2122 1396 2175 quis·
1455 2156 1456 2174 ζ

267 2191 344 2231 que
363 2179 546 2219 acerrime
564 2179 751 2232 sequitur,
771 2192 898 2232 neque
920 2179 1046 2219 solum
1070 2177 1238 2218 honestis
1266 2178 1396 2228 rebus,
1454 2197 1456 2203 ·
