1456 2396
115 77 199 116 382
308 78 387 119 DE
418 79 672 129 FINIBUS,
702 80 804 120 Lm.
822 80 881 122 11.
897 80 1060 121 Can-1.

117 187 251 236 tando,
271 196 401 229 tamen
428 190 624 230 interdum
651 191 754 230 soleo
777 190 974 231 subirasci.
1007 189 1252 242 Egonenm

117 241 306 295 intelligo,
335 245 431 297 quid
457 245 506 284 sit
529 245 633 283 Ἧὸο
619 263 655 290 η
684 248 832 295 Grae,
862 246 1004 285 Latine
1022 245 1216 297 Voluptas
1231 245 1253 284 ἓ

120 296 260 336 Utram
291 300 449 339 tandem
483 300 661 362 linguam
694 302 846 341 noecio.
836 303 854 330 ⁹
890 300 1058 349 Deinde,
1087 301 1158 352 qui
1191 298 1252 346 fit,

116 359 163 389 ut
182 365 253 404 ego
272 354 455 403 nesciam,
483 355 605 394 sciant
630 369 779 404 omnes,
804 356 1043 408 quicumque
1065 353 1252 407 Epicumi

116 418 197 445 esse
216 408 449 449 voluerunt?
479 409 585 462 quod
604 411 718 449 vestri
736 410 895 473 quidem
922 411 984 449 vel
1008 410 1156 462 optime
1173 407 1254 449 dis-

116 469 271 512 putant,
293 463 391 502 nihil
410 477 508 516 opus
534 478 627 513 esse,
649 478 754 513 eum,
782 466 851 518 qui
870 464 1123 528 philosophus
1144 463 1256 502 futu·

115 528 182 555 rus
210 517 272 566 sit,
304 518 397 557 scire
424 519 564 558 literas.
610 520 763 573 Itaque,
794 528 839 559 ut
866 520 1032 570 majores
1056 518 1178 557 nostri
1202 518 1254 557 ab

114 579 242 610 aratro
269 573 518 613 abduxerunt
545 575 823 614 Cincinnatum
857 575 986 622 illurn,
1018 583 1063 613 ut
1091 573 1256 612 dictator

115 634 237 672 esset;
266 627 321 667 sic
349 642 415 668 vos
441 628 489 668 de
516 629 689 681 Pelasgis
721 630 904 669 omnibus
929 603 1109 681 colligitis
1134 629 1256 667 bono·

113 679 200 719 illos
220 682 379 734 quidem
399 684 513 733 viros,
534 685 599 724 sed
629 693 729 723 certe
753 697 831 723 non
852 683 1103 736 pereruditus.
1143 681 1254 735 Engo

111 734 167 773 illi
198 736 435 790 intelligunt,
467 739 563 792 quid
591 739 786 792 Epicurus
819 739 947 786 dicat3
978 751 1050 792 ego
1077 749 1158 778 55055
1193 737 1257 776 555-

116 790 195 829 telli
226 794 281 831 o?

172 805 229 884 Ugt
247 847 343 887 scias
361 861 425 887 me
437 848 665 901 intelligere,
682 850 855 903 primum
874 848 979 888 idem
999 861 1079 888 esse
1098 847 1255 900 Volup-

115 907 235 940 tatem
255 901 354 951 dico,
376 904 480 956 quod
501 905 566 943 ille
586 905 711 948 Ηὸοιη
746 912 827 944 :et
845 904 1003 957 quidem
1024 916 1126 956 saepe
1144 915 1254 955 que-

115 955 238 995 rimus
266 959 428 997 verbum
458 959 646 998 Latinum
673 973 745 1011 par
771 960 922 1007 Graeoo,
950 967 989 998 et
1014 957 1120 1011 quod
1145 957 1250 996 idem

113 1010 262 1050 valeat:
294 1012 358 1052 hic
374 1013 471 1051 nihil
483 1013 613 1066 fuigq
615 1016 692 1052 uod
705 1027 978 1066 quaereremus.
1009 1012 1254 1052 Nullumin-

113 1065 235 1104 veniri
255 1076 393 1119 potest,
410 1068 515 1121 quod
531 1069 656 1121 magis
674 1069 777 1108 idem
793 1068 959 1108 declaret
978 1068 1133 1115 laune,
1146 1066 1254 1120 quod

117 1120 277 1160 Graeee
285 1123 372 1159 Ηὸον
400 1136 553 1175 ‚quam
574 1123 742 1163 declarat
771 1125 968 1174 loluptcn.
1011 1122 1119 1162 Huic
1137 1122 1256 1161 verbo

112 1187 263 1223 omneS‚
285 1176 353 1229 qui
375 1140 521 1229 :ibique
541 1186 646 1240 sunt,
667 1179 736 1231 qui
758 1178 898 1217 Latine
917 1178 1058 1225 sciunt,
1077 1176 1176 1216 dum
1193 1188 1255 1216 re·

113 1230 340 1280 subjiciunt,
354 1232 559 1271 lentitiam
549 1245 589 1271 in
610 1233 756 1282 animo,
777 1233 1078 1272 commotionum
1092 1243 1255 1272 mnan

108 1285 394 1334 jucunditatis
384 1300 423 1325 in
430 1301 622 1350 corpore..
646 1288 752 1327 Nam
772 1296 811 1327 et
827 1288 895 1327 ille
913 1287 1019 1381 agui!
1037 1285 1253 1335 Trabeam,

113 1339 352 1392 voluptatem
376 1343 498 1381 animi
528 1343 691 1381 nimiam
716 1345 901 1381 let-titiam
965 1343 1032 1390 cit,
1056 1340 1252 1390 amdan,

112 1408 232 1446 quain
262 1396 328 1434 ine
354 1398 386 1435 (“
392 1397 603 1445 aecilianus,
634 1398 703 1451 qui
731 1400 908 1436 omnibns
934 1399 1088 1437 lamiis
1115 1399 1254 1436 Ictum

112 1462 151 1486 rx
153 1463 192 1488 xc
212 1464 251 1489 se
271 1461 412 1491 narrat„
449 1452 525 1491 Sed
545 1453 618 1492 hoc
637 1454 807 1500 interest,
828 1452 934 1506 quod
953 1453 1132 1505 voluptas
1156 1450 1252 1492 did·

112 1512 176 1542 tur
195 1506 310 1545 ctiam
330 1507 370 1545 in
390 1507 523 1547 animo
543 1508 677 1546 xitiosa
696 1521 769 1556 res,
786 1516 830 1546 ut
849 1508 970 1548 Stoici
989 1515 1153 1561 put-mg
1180 1505 1254 1560 qni

111 1573 197 1598 eam
218 1561 270 1599 sic
289 1561 508 1601 definiunt:
542 1563 811 1602 Sublationem
831 1562 954 1602 animi
979 1563 1062 1603 sine
1086 1561 1251 1612 ratione,

109 1615 304 1666 opinantis
323 1630 362 1655 se
391 1630 534 1669 magno
564 1619 666 1657 bono
693 1618 784 1659 frui.
826 1618 922 1658 Non
940 1617 1082 1657 dicinu
1098 1615 1249 1665 latitia,

108 1681 178 1708 nec
196 1670 401 1722 gaudium,
415 1672 454 1711 in
475 1686 644 1725 corpore.

163 1724 212 1763 In
232 1738 277 1764 eo
296 1735 427 1766 autem
444 1728 638 1780 voluptas,
651 1728 830 1767 omnium
845 1727 985 1767 latine
997 1726 1244 1781 loquentium

108 1791 231 1826 more,
251 1781 424 1833 ponitur,
445 1796 535 1821 cum
563 1783 773 1836 percipitur
797 1796 857 1830 ea,
877 1796 968 1835 quae
991 1794 1148 1821 sensum
1175 1780 1250 1820 ali-

107 1847 226 1886 quem
253 1845 422 1883 moveat,
443 1838 693 1887 jucunditas:
724 1837 824 1877 hanc
844 1850 1000 1891 quoque
1022 1835 1249 1888 jucundiu-

107 1896 203 1938 tem‚
238 1890 270 1928 si
301 1904 372 1938 vis,
407 1893 571 1931 transfer
600 1893 640 1931 in
671 1892 874 1931 animum:
894 1896 1043 1944 juvare
1069 1891 1174 1932 enim
1205 1891 1247 1930 in

108 1952 274 2007 utroque
292 1945 447 1994 dicitur,
468 1960 516 1986 ex
544 1960 667 1999 eoque
683 1949 938 2000 jucundum.-
969 1946 1086 1987 modo
1104 1941 1248 1986 intelli»

105 2011 190 2050 gas,
212 1999 312 2038 inter
330 2000 442 2039 illum
464 2002 532 2054 qui
551 2002 668 2050 dicat,

161 2075 333 2116 “Tanta
344 2077 480 2117 laetitia
493 2086 630 2119 auctus
644 2091 748 2128 sum,
764 2085 810 2118 ut
820 2078 919 2118 5555155
934 2090 1012 2118 55055
1026 2075 1244 2128 ‘innatans’

103 2151 144 2184 et
162 2157 269 2195 eum,
289 2146 373 2199 qui,

157 2223 188 2245 “
208 2221 250 2260 N
254 2234 330 2263 unc
348 2222 510 2264 demum
529 2224 627 2264 mihi
642 2225 798 2265 animus
816 2224 953 2265 ardet’‘
970 2251 1072 2265 ......
