1456 2396
223 83 302 123 DE
331 83 583 134 FINIBUS,
614 84 715 123 Lm.
738 85 773 123 1.
803 85 909 125 CAP.
934 86 995 124 ιο.
1093 87 1170 126 361

35 191 200 231 insitam
218 192 259 231 in
277 192 417 231 animis
430 192 568 231 nostris
581 192 702 232 inesse
715 194 925 243 notionem,
945 203 990 233 ut
1008 195 1173 234 alterinn

46 259 126 285 esse
139 247 413 298 appetendum,
430 248 594 286 alterum
609 247 934 299 adspernandum,
950 250 1172 288 sentiamus.

45 300 132 339 Alii
149 310 279 340 autem
299 302 457 353 (quibus
476 315 546 353 ego
565 303 778 350 assentior),
799 317 889 342 cum
903 317 926 342 a
938 304 1176 355 philosophis

46 355 311 406 compluribus
336 356 527 407 permulta
554 356 742 403 dicantur,
767 370 835 396 cur
853 371 922 396 nec
940 359 1144 410 volup&
1134 372 1175 397 m

46 410 157 448 bonis
182 410 230 448 sit
248 410 501 458 numeranda,
521 423 590 449 nec
608 411 649 448 in
668 412 781 450 malis
800 412 920 460 dolor,
941 425 1020 451 non
1045 413 1177 451 existi-

45 472 156 502 mant
185 472 357 516 oportere
381 464 549 503 nimium
575 477 644 504 nos
669 478 793 503 causae
817 467 1018 515 confidere,
1046 468 1112 506 sed
1137 476 1175 506 et

45 519 413 581 argumentandum,
441 527 478 558 et
502 527 676 558 accurate
700 519 977 570 disserendum,
1007 530 1045 560 et
1061 522 1176 560 ratio-

46 573 161 612 nibus
186 573 422 626 conquisitis,
449 573 498 613 de
521 574 719 626 voluptate
744 582 781 613 et
806 575 949 624 dolore,
976 576 1176 628 disputan-

44 626 143 666 dum
161 636 313 679 putant.

100 682 155 720 Χ.
186 682 277 730 Sed,
300 690 346 721 ut
374 682 623 735 perspiciatis,
643 682 746 721 unde
764 682 889 722 omnis
908 684 978 723 iste
996 692 1110 724 natus
1128 685 1178 724 sit

47 748 150 775 error
174 738 413 789 voluptatem
437 738 714 785 accusantium,
740 738 989 790 doloremque
1013 740 1176 778 laudan-

44 791 161 837 tium,
191 799 313 830 totam
342 805 425 830 rem
451 792 645 843 aperiam:
677 805 798 844 eaque
816 792 913 844 ipsa,
935 807 1022 845 quae
1041 796 1089 832 ab
1108 795 1177 833 illo

47 845 246 884 inventore
273 846 454 893 veritatis,
485 854 523 884 et
552 846 662 898 quasi
691 847 894 885 architecto
923 849 1045 886 beatae
1073 849 1176 896 vitae,

47 900 150 939 dicta
180 908 284 947 sunt,
323 901 535 952 explicabo.
583 901 714 939 Nemo
747 901 850 939 enim
882 901 1008 953 ipsam
1040 904 1177 955 volup-

47 962 182 1002 tatem,
213 955 305 1007 quia
323 956 500 1007 voluptas
519 955 580 1003 sit,
601 955 866 1007 adspernatur,
893 964 961 994 aut
986 957 1080 1004 odit,
1110 967 1179 996 aut

48 1009 177 1061 fugit3
197 1009 264 1048 sed
282 1010 375 1062 quia
392 1018 680 1061 consequuntur
702 1011 836 1062 magni
863 1009 1011 1050 dolores
1030 1024 1092 1051 eos
1111 1013 1180 1064 qui

48 1064 196 1103 ratione
227 1065 466 1116 voluptatem
504 1064 613 1116 sequi
649 1065 834 1103 nesciunt.
892 1065 1034 1117 Neque
1065 1079 1180 1118 porro

49 1119 258 1171 quisquam
290 1127 360 1166 est,
390 1118 459 1170 qui
486 1118 657 1157 dolorem
684 1119 828 1170 ipsum,
859 1119 951 1171 quia
979 1119 1088 1159 dolor
1116 1122 1178 1169 sit,

48 1181 168 1222 amet,
197 1181 446 1219 consectetur,
475 1173 634 1225 adipisci
652 1174 769 1219 velit;
801 1174 865 1212 sed
891 1175 983 1225 quia
1001 1188 1181 1214 nonnun-

49 1241 171 1280 quam
187 1228 376 1278 ejusmodi
394 1235 567 1279 tempora
584 1228 774 1273 incidunt,
794 1236 839 1266 ut
857 1228 986 1267 labore
1001 1238 1037 1268 et
1052 1230 1181 1269 dolore

49 1295 236 1335 magnam
261 1282 434 1334 aliquam
460 1290 607 1334 quaerat
633 1283 882 1334 voluptatem.
925 1284 981 1322 Ut
1004 1284 1107 1322 enim
1133 1285 1183 1323 ad

51 1338 219 1376 minima
244 1337 410 1383 veniam,
432 1337 519 1389 quis
536 1340 711 1375 nostrum
730 1337 1040 1376 exercitationem
1060 1340 1182 1378 ullam

52 1392 219 1444 corporis
249 1391 405 1443 suscipit
434 1392 678 1437 laboriosam,
709 1392 782 1430 nisi
814 1400 857 1430 ut
887 1392 1034 1443 aliquid
1063 1407 1110 1432 ex
1140 1395 1187 1433 ea

50 1446 246 1486 commodi
275 1449 561 1498 consequatur?
597 1446 698 1494 Quis
727 1454 857 1484 autem
888 1447 948 1484 vel
979 1460 1068 1486 eum
1095 1449 1184 1498 jure

50 1500 350 1554 reprehenderit,
380 1501 448 1553 qui
474 1502 515 1539 in
542 1514 586 1539 ea
613 1501 810 1552 voluptate
830 1501 922 1539 velit
940 1514 1033 1549 esse,
1063 1516 1183 1554 quam

50 1557 150 1595 nihil
174 1556 361 1595 molestiae
386 1563 655 1607 consequatur,
683 1556 744 1593 vel
768 1556 897 1602 illum,
925 1556 993 1608 qui
1011 1557 1183 1596 dolorem

51 1623 144 1650 eum
172 1610 312 1662 fugiat,
339 1623 417 1663 quo
443 1611 620 1673 voluptas
645 1610 755 1648 nulla
778 1610 981 1662 pariatur?
1010 1612 1070 1649 At
1095 1625 1184 1651 vero

52 1678 117 1705 eos
136 1672 173 1705 et
192 1678 430 1713 accusamus,
452 1673 489 1703 et
505 1666 611 1715 justo
630 1664 718 1703 odio
733 1664 976 1716 dignissunos
991 1665 1183 1712 ducimus,

53 1721 138 1773 qui,
153 1719 351 1759 blanditiis
369 1719 616 1772 praesentium
636 1719 881 1771 voluptatum
901 1719 1057 1759 deleniti
1071 1729 1187 1773 atquc

53 1775 238 1827 corrupti,
268 1787 365 1827 quos
393 1774 542 1813 dolores
576 1782 613 1812 et
643 1787 739 1826 quas
768 1774 962 1813 molestias
992 1778 1187 1826 excepturi

56 1829 148 1877 sint,
176 1829 352 1869 occaecati
379 1829 602 1880 cupiditate,
632 1841 711 1867 non
735 1829 962 1880 provident:
993 1830 1187 1882 similique

55 1892 148 1923 sunt
164 1884 204 1922 in
229 1884 359 1936 culpa,
380 1883 450 1935 qui
467 1883 591 1922 officia
609 1883 789 1922 deserunt
807 1884 972 1922 mollitia
992 1884 1126 1932 animi,
1147 1886 1188 1923 id

56 1946 126 1987 est,
157 1939 337 1977 laborum
362 1945 399 1977 et
429 1938 607 1977 dolorum
633 1937 740 1990 fuga.
783 1937 837 1976 Et
862 1938 1003 1976 harum
1029 1939 1188 1990 quidem

57 2006 189 2032 rerum
213 1993 336 2031 facilis
361 2000 418 2031 est
442 2000 479 2031 et
506 1992 685 2044 expedita
711 1992 927 2031 distinctio:
959 2005 1050 2030 nam
1070 1993 1191 2033 libero

57 2054 247 2100 tempore,
277 2060 368 2085 cum
393 2047 519 2085 soluta
537 2047 647 2086 nobis
673 2054 729 2085 est
748 2047 914 2098 eligendi
933 2047 1051 2108 optio,
1082 2061 1191 2086 cum-

59 2116 137 2154 que
161 2102 260 2140 nihil
278 2101 455 2153 impedit,
475 2102 684 2153 quominus
703 2101 758 2149 id,
787 2101 892 2152 quod
914 2101 1086 2140 maxime
1108 2103 1193 2155 pla-

60 2164 158 2204 cent,
178 2157 301 2195 facere
314 2156 519 2208 possimus,
535 2156 660 2195 omnis
679 2156 855 2207 voluptas
874 2156 1104 2195 assumenda
1122 2168 1192 2205 est,

58 2211 187 2250 omnis
216 2211 325 2250 dolor
354 2210 607 2262 repellendus.
655 2210 918 2262 Temporibus
947 2219 1076 2250 autem
1107 2213 1193 2264 qui-

117 2267 308 2316 (Phr'los.)
330 2277 358 2305 1
364 2277 436 2306 OL.
459 2276 512 2305 11.
802 2266 826 2302 2
849 2275 864 2303 1
