1456 2396
235 123 720 165 ACADEMICORUM
745 124 846 164 Lm.
861 124 920 163 Π.
942 124 1047 165 CAP.
1062 125 1128 164 33.
1174 126 1255 167 329

118 245 299 272 assensu:
328 245 454 286 neque
478 240 609 272 tamen
634 233 765 272 omnia
792 233 982 283 ejusmodi
1005 234 1086 273 visa
1109 248 1248 296 appro-

120 287 217 336 bari,
237 286 303 325 sed
322 300 380 335 ea,
397 301 484 339 quae
502 288 612 326 nulla
625 301 666 326 re
680 288 952 339 impediantur.
982 288 1080 327 Haec
1095 289 1127 327 si
1141 290 1249 329 vobis

118 353 196 379 non
220 342 444 403 probamus,
471 341 547 380 sint
570 341 667 380 falsa
693 355 806 380 530οε
836 342 1024 381 invidiosa
1048 350 1147 382 certe
1168 356 1247 382 non

117 402 218 433 sunt.
261 396 355 433 Non
380 396 483 434 enim
509 396 637 434 lucem
663 396 870 447 eripimus:
902 397 967 434 sed
993 410 1051 445 ea,
1075 411 1163 449 quae
1181 411 1248 436 vos

117 449 262 510 percipi
279 450 642 501 comprehendique,
663 450 798 488 eadem
822 464 905 500 nos,
926 451 958 489 si
975 451 1090 490 modo
1108 454 1247 504 proba-

117 503 211 541 111113
229 503 319 550 51111,
340 504 459 542 videri
478 504 652 542 dicimus.

170 557 384 596 XXMII.
415 559 477 597 Sic
495 559 613 610 igitur
634 558 791 597 inducto
819 566 856 597 et
881 560 1086 599 constituto
1109 563 1248 613 proba-

116 611 200 659 bili,
222 619 259 650 et
279 626 323 651 eo
342 613 500 664 quidem
509 590 718 664 &expeditQ
746 614 885 661 soluto,
912 614 1046 662 libero,
1074 616 1183 654 nulla
1208 629 1250 655 re

118 665 331 717 implicato,
352 667 456 705 vides
478 667 663 718 profecto,
691 668 871 716 Luculle,
897 668 1021 716 jacere
1042 670 1125 718 jam
1149 670 1250 709 illud

119 729 235 758 tuum
262 721 542 772 perspicuitatis
570 722 837 773 patrocinium.
879 722 1025 761 Iisdem
1054 724 1158 762 enim
1185 725 1250 763 hic

120 775 284 825 sapiens,
319 775 366 814 de
394 789 472 827 quo
500 777 651 827 loquor,
682 777 815 824 oculis,
845 777 987 829 quibus
1014 778 1085 816 iste
1112 786 1248 828 vester,

117 829 273 877 coelum,
308 836 463 879 terram,
494 843 601 869 mare
630 831 870 869 intuebitur:
911 831 1048 870 iisdem
1078 833 1250 871 sensibus

118 883 280 934 reliqua,
308 897 396 935 quae
422 886 493 922 sub
518 898 712 937 quemque
738 898 893 923 sensum
919 886 1075 934 cadunt,
1103 887 1250 925 sentiet.

119 937 235 976 IMare
262 938 375 985 illud,
408 939 512 990 quod
541 952 657 987 nunc,
688 939 859 978 Favonio
887 948 1076 989 nascente,
1104 954 1254 992 purpu-

119 1005 230 1030 reum
244 992 408 1041 videtur,
429 993 533 1031 idem
551 994 642 1032 huic
657 1002 785 1032 nostro
800 994 1012 1040 videbitur3
1038 1007 1107 1033 nec
1122 1003 1254 1033 tamen

119 1047 368 1093 assentietur,
358 1061 368 1070 ·
394 1048 486 1099 quia
497 1048 780 1099 nobismetipsis
794 1049 910 1087 modo
925 1049 1133 1088 coeruleum
1148 1050 1253 1088 vide-

121 1101 250 1150 batur,
270 1114 386 1140 mane
403 1102 572 1148 flavum3
601 1103 783 1154 quodque
802 1116 919 1150 nunc,
936 1103 1028 1155 quia
1047 1117 1069 1142 a
1084 1104 1162 1142 sole
1176 1105 1255 1142 col-

122 1155 239 1202 lucet,
253 1156 423 1204 albescit,
437 1164 474 1195 et
486 1157 624 1203 vibrat,
639 1157 900 1219 dissimileque
913 1166 967 1196 est
979 1157 1157 1209 proximo
1171 1157 1250 1211 [et]

121 1210 355 1248 continenti.
384 1219 442 1258 ut,
464 1211 580 1249 etiam
600 1212 631 1249 si
650 1211 769 1263 possis
788 1212 975 1250 rationem
994 1212 1164 1261 reddere,
1186 1226 1255 1251 cur

120 1263 162 1301 id
181 1264 343 1312 eveniat,
364 1272 493 1303 tamen
514 1278 591 1303 non
609 1266 730 1317 possis
749 1266 790 1305 id
809 1279 944 1306 verum
963 1280 1056 1316 esse,
1078 1267 1183 1319 quod
1197 1267 1254 1306 vi-

121 1318 285 1357 debatur
303 1320 437 1368 0011115,
459 1319 671 1358 defendere.

178 1373 295 1411 Unde
326 1373 527 1422 memoria,
562 1375 594 1412 si
626 1375 725 1412 nihil
760 1374 1008 1437 percipimus,
1048 1375 1118 1419 (sic
1152 1375 1256 1415 enim

120 1430 334 1480 quaerebas)
361 1428 466 1480 quod
491 1429 711 1468 meminisse
740 1430 834 1477 visa,
867 1429 941 1468 nisi
968 1429 1256 1481 comprehensa,

120 1495 200 1521 non
219 1496 423 1534 possumus
438 1485 455 1518 Ρ
485 1483 880 1535 Quid?P01yaenus‚
901 1483 970 1535 qui
988 1496 1154 1535 magnus
1172 1497 1257 1523 ma-

123 1537 352 1576 thematicus
381 1537 498 1575 fuisse
529 1537 681 1585 dicitur,
713 1538 758 1585 15,
788 1546 1054 1590 posteaquam,
1084 1538 1257 1590 Epicuro

122 1592 344 1640 assentiens,
376 1599 499 1630 totam
529 1592 779 1643 geometriam
808 1605 888 1630 esse
915 1593 1054 1631 falsam
1083 1593 1256 1643 credidit,

121 1659 219 1684 num
238 1646 305 1684 illa
323 1646 454 1694 etiam,
476 1660 564 1698 quae
579 1647 733 1695 sciebat,
750 1646 892 1685 oblitus
908 1649 993 1686 est?
1022 1647 1165 1698 Atqui,
1186 1647 1259 1685 fal.

121 1714 211 1739 sum
239 1701 344 1752 quod
373 1709 441 1747 est,
471 1701 512 1739 id
539 1701 684 1752 percipi
712 1713 789 1739 non
812 1709 950 1752 potest,
982 1708 1027 1739 ut
1053 1701 1260 1740 vobismet-

123 1755 215 1806 ipsis
234 1756 370 1806 placet.
401 1756 443 1794 Si
463 1756 582 1807 igitur
599 1755 786 1793 memoria
804 1763 1071 1807 perceptarum
1085 1769 1260 1808 compre-

124 1809 410 1861 hensarumque
428 1823 557 1848 rerum
577 1817 646 1857 est,
667 1810 810 1856 omnia,
833 1823 921 1861 quae
940 1810 1104 1862 quisque
1121 1811 1262 1848 memi-

126 1864 199 1911 nit,
231 1864 348 1903 habet
379 1878 423 1903 ea
453 1865 740 1916 comprehensa,
772 1873 888 1916 atque
917 1873 1106 1926 percepta.
1155 1865 1263 1902 Falsi

129 1926 260 1956 autem
279 1919 551 1969 comprehendi
569 1919 667 1956 nihil
690 1926 838 1970 potest:
867 1927 904 1957 et
929 1919 1060 1957 omnia
1084 1919 1263 1957 meminit

130 1973 277 2023 Scyron
299 1973 461 2024 Epicuri
483 1974 685 2025 dogmata.
716 1986 805 2011 vera
827 1973 946 2024 igitur
964 1974 1033 2011 illa
1052 1981 1142 2012 sunt
1159 1985 1264 2010 nunc

129 2027 273 2065 omnia.
303 2026 392 2066 Hoc
409 2041 478 2079 per
495 2041 560 2066 me
577 2028 691 2066 licet:
721 2027 787 2066 sed
800 2027 872 2066 tibi
891 2036 959 2066 aut
977 2027 1265 2066 concedendum

132 2089 189 2120 est
206 2081 261 2119 ita
280 2094 373 2129 esse,
397 2081 502 2133 quod
525 2082 687 2120 minime
706 2082 788 2127 vis,
819 2089 887 2120 aut
911 2081 1140 2120 memoriam
1165 2081 1266 2119 mihi

132 2135 319 2184 remittas,
346 2144 508 2187 oportet,
539 2145 577 2176 et
603 2136 716 2175 facile
745 2149 825 2175 esse
854 2136 889 2175 01
915 2137 1060 2186 locum,
1089 2135 1207 2174 etiam
1234 2135 1267 2174 si

133 2190 422 2241 comprehensio
439 2192 709 2243 perceptioque
726 2191 836 2229 nulla
855 2190 914 2229 511.

127 2277 130 2280 «
192 2244 303 2294 Quid
329 2244 396 2285 fiet
420 2245 593 2285 artibus.
583 2247 601 2273 ‘³
639 2246 806 2298 quibus.
795 2247 814 2273 ‘³
848 2244 958 2293 iisne,
985 2258 1074 2298 quae
1097 2244 1192 2298 ipsae
1213 2242 1272 2282 fa-

831 2301 856 2338 2
873 2311 900 2339 r·
930 2300 956 2338 3
