1456 2396
185 84 239 123 96
521 80 756 131 TOPICA,
786 80 892 120 cip.
913 81 978 119 26.

185 190 318 230 nentia
335 198 530 241 vocentur,
551 192 663 243 quasi
680 190 924 229 firmamenta
945 186 1200 234 defensionisg
1229 186 1317 240 qui-

189 247 262 284 bus
281 246 455 294 sublatis,
475 245 645 285 defensio
670 245 780 284 nulla
805 244 864 283 sit.
905 242 996 290 Sed,
1023 241 1209 295 quoniam
1232 242 1319 293 lege

188 299 339 340 firmius
357 301 398 339 in
416 300 678 340 controversiis
703 298 958 351 disceptandis
976 310 1056 336 esse
1073 295 1172 335 nihil
1189 295 1317 344 debet,

189 354 319 394 danda
336 363 393 394 est
411 368 541 407 opera,
561 363 606 394 ut
630 355 756 406 legem
782 353 1009 403 adjutricem
1035 358 1073 390 et
1097 357 1234 390 testem
1251 349 1320 389 ad-

190 408 405 448 hibeamus.
436 409 486 448 In
505 409 585 462 qua
598 422 639 448 re
657 409 723 447 alii
742 408 852 460 quasi
872 414 992 446 status
1010 405 1199 445 exsistunt
1216 404 1321 453 novi,

191 464 260 515 qui
279 464 522 516 appellantur
539 463 722 515 legitimae
747 461 1048 514 disceptationes.
1084 459 1194 498 Tum
1219 458 1325 498 enim

191 517 423 567 defenditur,
454 531 532 557 non
562 518 602 556 id
629 518 755 569 legem
786 516 923 564 dicere,
953 514 1059 568 quod
1085 512 1323 553 adversarius

193 573 301 620 velit,
322 573 388 612 sed
406 573 525 612 aliud.
566 572 616 610 Id
635 580 765 610 autem
791 570 992 622 contingit,
1019 581 1110 608 cum
1135 567 1322 620 scriptum

193 627 424 680 ambiguum
454 635 524 675 est,
554 636 599 665 ut
628 626 716 664 duae
740 625 956 664 differentes
981 622 1179 663 sententiae
1202 621 1324 674 accipi

128 729 134 732 Α
193 682 352 734 possint.
388 681 499 721 Tum
524 681 731 733 opponitur
756 680 895 732 scripto
914 679 1091 718 voluntas
1117 676 1324 729 scriptoris..

195 744 242 775 ut
267 744 477 789 quaeratur,
505 737 670 775 verbane
692 735 795 786 plus,
822 747 871 773 an
897 732 1085 772 sententia
1109 732 1235 771 valere
1259 730 1327 770 de-

194 792 316 831 beat?
345 791 454 830 Tum
472 790 550 842 legi
568 790 632 828 lex
651 789 840 828 contraria
857 788 1025 827 affertur.
1063 786 1128 826 Ita
1145 793 1236 826 sunt
1253 786 1327 825 tria

196 859 352 897 genera,
384 859 472 898 quae
504 844 799 883 controversiam
832 843 873 881 in
902 842 1010 882 omni
1037 842 1177 893 scripto
1205 839 1328 880 facere

197 908 373 952 possunt,
386 899 631 951 ambiguum,
645 897 898 951 discrepantia
912 896 1041 949 scripti
1056 903 1094 936 et
1108 895 1328 945 voluntatis,

200 962 239 994 et
257 955 397 1007 scripta
415 954 614 994 contraria.

257 1009 420 1048 XXVI.
450 1009 544 1048 Jam
570 1008 642 1047 hoc
667 1007 913 1060 perspicuum
939 1013 1009 1055 est,
1037 1017 1114 1045 non
1141 1004 1264 1057 magis
1291 1005 1332 1044 in

200 1064 366 1116 legibus,
387 1076 506 1115 quam
529 1063 569 1101 in
596 1062 847 1110 testamentis,
874 1061 915 1100 in
941 1059 1266 1113 stipulationibus,
1292 1059 1334 1098 in

201 1118 359 1170 reliquis
377 1119 490 1156 rebus
510 1130 597 1169 quae
616 1130 664 1155 ex
685 1117 823 1168 scripto
842 1123 1024 1167 aguntur,
1051 1127 1161 1167 posse
1186 1121 1336 1153 contro·

203 1174 343 1212 versias
363 1172 514 1211 easdem
535 1171 725 1210 exsistere.
758 1171 914 1209 Horum
934 1169 1174 1208 tractationes
1193 1169 1233 1207 in
1252 1168 1337 1208 aliis

202 1227 311 1266 libris
330 1227 583 1278 explicantur.
615 1226 699 1265 Nec
718 1226 844 1264 solum
864 1231 1060 1276 perpetum
1077 1224 1256 1271 actiones,
1272 1223 1339 1262 sed

205 1283 322 1320 etiam
341 1289 467 1334 partes
486 1280 679 1329 orationis,
707 1280 843 1319 iisdem
870 1279 962 1318 locis
984 1278 1231 1329 adjuvantur,
1252 1291 1339 1330 par-

205 1337 277 1375 tim
296 1336 473 1388 propriis,
500 1335 641 1387 partim
665 1333 962 1377 con1munibus;
992 1340 1036 1371 ut
1060 1333 1101 1371 in
1127 1331 1339 1385 principiis,

206 1392 349 1444 quibus
376 1397 420 1429 ut
445 1389 634 1436 benevoli,
666 1396 710 1427 ut
735 1389 889 1437 dociles,
922 1396 968 1426 ut
991 1387 1127 1426 attenti
1153 1387 1243 1436 sint,
1270 1387 1340 1440 qui

206 1446 380 1493 audiant,
401 1444 642 1483 efficiendum
662 1452 717 1482 est
737 1443 899 1496 propiiis
918 1442 1034 1482 locist
1062 1441 1233 1494 itemque
1251 1453 1340 1480 nar.

208 1500 387 1546 rationes,
407 1507 453 1538 ut
470 1498 520 1537 ad
543 1511 631 1537 suos
657 1498 752 1537 finoe
777 1505 960 1550 spectent,
980 1496 1022 1535 id
1047 1504 1116 1543 αἱ,
1143 1503 1188 1535 ut
1212 1496 1342 1548 planae

210 1555 301 1603 sint,
322 1561 367 1592 ut
384 1555 530 1599 breves,
552 1560 596 1591 ut
615 1552 820 1599 evidentes,
843 1559 888 1590 ut
913 1550 1124 1598 credibiles,
1145 1558 1190 1590 ut
1207 1550 1341 1590 mode-

212 1617 318 1657 ratae,
350 1615 395 1647 ut
424 1621 513 1646 cum
544 1607 756 1659 dignitate:
797 1620 885 1659 quae
915 1617 1155 1658 quamquam
1186 1604 1228 1643 in
1261 1606 1342 1644 tota

212 1663 384 1702 oratione
400 1675 479 1701 esse
497 1661 652 1711 debent,
672 1661 796 1714 magis
815 1668 945 1700 tamen
964 1667 1055 1699 sunt
1075 1659 1230 1713 propria
1255 1671 1344 1699 nar-

215 1717 328 1757 tanti.

270 1772 373 1820 Quae
391 1778 522 1810 autem
541 1771 785 1823 consequitur
803 1770 1060 1810 narrationem
1075 1767 1185 1817 fides,
1200 1781 1246 1808 ea
1257 1782 1345 1822 per.

215 1825 410 1866 suadendo
435 1826 621 1878 quoniam
651 1825 826 1874 efficitur,
857 1825 927 1878 qui
957 1824 1006 1863 ad
1034 1822 1343 1876 persuadendum

214 1881 288 1920 loci
306 1881 478 1919 maxime
496 1880 663 1927 valeant,
683 1880 831 1918 dictum
850 1887 907 1918 est
924 1879 965 1917 in
984 1878 1044 1926 iis,
1071 1878 1114 1917 in
1139 1878 1281 1930 quibus
1299 1879 1349 1919 de

214 1935 322 1974 omni
341 1935 486 1973 ratione
504 1934 667 1973 dicendi.
708 1934 904 1973 Peroratio
930 1940 1060 1972 autem
1086 1940 1124 1972 et
1146 1932 1223 1971 alia
1240 1946 1347 1985 quae-

218 1989 311 2028 dam
337 1989 468 2036 habet,
498 1997 536 2027 et
560 1988 733 2027 maxime
758 1987 1122 2040 amplificationem3
1157 1988 1269 2037 cujus
1294 1988 1351 2028 ef-

219 2041 341 2083 fectus
366 2043 398 2081 is
419 2043 532 2081 debet
558 2056 651 2092 esse,
676 2051 720 2082 ut
746 2051 813 2082 aut
837 2044 1110 2095 perturbentur
1129 2041 1263 2090 animi,
1283 2051 1351 2082 aut

219 2097 543 2150 tranqujnentur;
579 2105 630 2145 et,
660 2098 691 2137 si
717 2097 771 2136 ita
796 2099 879 2148 jam
908 2096 1032 2135 affecti
1058 2103 1148 2135 ante
1172 2103 1276 2145 sunt,
1307 2105 1350 2136 ut

221 2159 360 2204 augeat
377 2164 511 2191 eorum
530 2159 673 2197 motus,
694 2160 761 2191 aut
781 2152 898 2198 sedet,
919 2151 1050 2190 oratio.
1083 2150 1188 2189 Huic
1207 2152 1352 2202 generi,

222 2207 262 2245 in
283 2220 361 2259 quo
381 2213 418 2245 et
436 2206 707 2252 misericordia,
729 2214 764 2245 et
784 2205 994 2254 iracundia,
1016 2214 1051 2244 et
1072 2205 1220 2254 odium,
1242 2213 1278 2245 et
1296 2206 1356 2246 in-
