1456 2396
227 92 279 131 48
552 94 814 146 ORATOR,
835 94 940 134 CAP.
957 96 1022 133 50.

281 202 310 224 “
322 200 438 250 Eam,
459 215 577 255 quam
595 204 693 243 nihil
712 216 878 252 accusas,
898 201 1099 241 damnas?⁹

227 276 255 296 ‘⁶
275 277 559 326 Condemnas‚”
577 278 730 327 diceret,
751 278 819 332 qui
837 291 988 317 versum
1008 277 1174 329 effligere
1192 275 1316 315 vellet.

279 354 309 374 ‘²
323 352 433 391 Bene
456 366 574 415 quain
597 353 773 393 meritam
799 367 878 392 esse
902 360 1094 401 autumas,
1123 351 1216 391 dicis
1242 349 1344 389 male

439 419 587 446 meren.

278 459 341 510 Id,
362 461 466 513 quod
485 462 569 534 scis,
588 462 742 514 prodest
759 462 880 500 nihil:
910 461 965 510 id,
992 460 1097 513 quod
1117 459 1252 509 nescis,
1276 460 1338 498 ob-

439 523 506 555 est.

222 587 391 628 Versum
410 590 523 630 efficit
539 590 623 643 ipsa
639 591 772 630 relatio
790 591 1076 630 contrariorum.
1118 589 1168 627 Id
1189 596 1285 627 esset
1303 587 1342 625 in

221 644 390 683 oratione
421 657 683 695 numerosum,
719 649 747 669 “
767 646 885 694 Quod
917 646 1001 694 scis,
1035 643 1133 682 nihil
1162 643 1314 695 prodest
1330 657 1340 679 ε

220 698 325 749 quod
342 699 476 748 nescis,
496 700 665 738 multum
685 701 803 738 obest.
807 701 832 718 ”

276 751 324 790 L.
353 753 512 815 Semper
536 754 631 801 haec,
655 767 742 806 quae
769 754 894 792 Graeci
923 752 1100 790 Αντιθετα
1125 751 1341 797 nominant,

219 818 309 844 cum
328 808 523 846 contrariis
541 816 788 860 opponuntur
812 807 1012 853 contraria,
1032 819 1240 844 numerum
1258 818 1342 843 ora-

219 859 361 898 torium
380 862 599 900 necessitate
616 862 700 914 ipsa
725 862 907 909 efficiunt,
927 869 964 900 et
989 873 1079 899 eum
1105 860 1186 899 sine
1209 859 1343 898 indus-

219 913 304 951 tria.
335 914 423 953 Hoc
440 928 576 967 genere
594 917 744 968 antiqui
759 918 840 966 jam
856 924 944 954 ante
960 917 1165 954 Isocratem
1180 914 1342 952 delecta-

220 968 376 1017 bantur,
396 976 434 1007 et
453 971 623 1008 maxime
649 970 837 1021 Gorgias3
868 971 977 1031 cujus
1002 969 1043 1007 in
1068 969 1237 1006 oratione
1260 968 1342 1029 ple-

218 1034 384 1074 rumque
402 1023 516 1062 efficit
534 1037 739 1063 numerum
758 1025 841 1076 ipsa
855 1023 1099 1062 concinnitas.
1128 1023 1213 1060 Nos
1228 1023 1341 1060 etiam

218 1075 259 1113 in
279 1075 350 1114 hoc
368 1090 504 1128 genere
522 1078 752 1130 frequentes,
768 1086 814 1116 ut
830 1079 898 1116 illa
916 1085 1006 1116 sunt
1023 1077 1065 1115 in
1080 1083 1217 1128 quarto
1231 1088 1341 1114 accu-

217 1129 400 1169 sationis.
446 1133 475 1154 “
496 1131 674 1171 Conferte
702 1132 800 1170 hanc
827 1145 960 1184 pacem
989 1143 1078 1169 cum
1110 1131 1179 1168 illo
1206 1131 1338 1174 bello3

217 1183 337 1233 hujus
354 1186 524 1235 praetoris
543 1187 662 1224 adven
667 1194 750 1224 tum
770 1199 858 1224 cum
878 1186 982 1224 illius
999 1184 1238 1236 imperatoris
1263 1184 1339 1222 vic-

216 1238 339 1283 toria3
369 1239 485 1288 hujus
504 1240 726 1278 cohortem'
715 1253 909 1291 nnpuram
928 1252 1018 1278 cum
1042 1238 1146 1276 illius
1171 1238 1338 1276 exercitu

216 1291 386 1338 invicto3
416 1293 534 1342 hujus
552 1294 728 1332 libidines
755 1307 844 1332 cum
869 1293 973 1332 illius
999 1291 1258 1331 continentia·
1288 1294 1338 1330 ab

216 1345 298 1393 illo,
319 1347 387 1398 qui
406 1348 518 1398 cepit,
539 1348 736 1393 conditas3
767 1350 815 1386 ab
834 1348 921 1394 hoc,
942 1348 1010 1399 qui
1035 1346 1258 1385 constitutas
1275 1359 1337 1384 ac-

214 1391 328 1451 cepit,
350 1409 478 1463 captas
497 1402 627 1441 dicetis
652 1403 899 1454 Syracusas?
928 1402 1035 1453 Ergo
1059 1408 1100 1440 et
1120 1400 1164 1439 hi
1185 1401 1336 1439 numeri

215 1453 291 1492 sint
310 1456 463 1506 cogniti.

270 1508 404 1547 Genus
422 1510 520 1548 illud
539 1510 696 1549 tertium
723 1510 947 1563 explicetur,
975 1510 1090 1562 quale
1115 1508 1177 1556 sit,
1197 1521 1335 1547 nume-

214 1575 308 1600 rosae
327 1571 363 1601 et
382 1572 481 1614 aptae
499 1565 703 1609 orationis3
733 1565 837 1617 quod
855 1565 924 1616 qui
941 1577 1019 1603 non
1037 1564 1219 1608 sentiunt,
1240 1576 1336 1614 quas

215 1629 324 1654 aures
343 1617 521 1665 habeant,
537 1626 605 1656 aut
615 1619 710 1671 quid
728 1619 768 1657 in
787 1619 847 1658 his
864 1618 1032 1657 hominis
1047 1617 1171 1656 simile
1184 1617 1247 1664 sit,
1267 1629 1335 1655 ne-

215 1670 304 1709 scio.
342 1670 447 1709 Meae
473 1673 630 1724 quidem
657 1681 695 1712 et
723 1674 888 1725 perfecto
913 1673 1179 1723 completoque
1203 1672 1338 1709 verbo-

214 1737 303 1762 rum
321 1725 468 1763 ambitu
494 1727 676 1777 gaudent,
703 1735 741 1765 et
766 1735 874 1766 curta
899 1726 1081 1773 sentiunt,
1108 1737 1178 1763 nec
1202 1734 1336 1763 amant

217 1778 482 1818 redundantia.
513 1779 622 1827 Quid
647 1782 732 1820 dico
758 1783 899 1820 meas?
928 1780 1125 1820 conciones
1149 1792 1250 1830 saepe
1268 1792 1335 1817 ex-

215 1833 380 1871 clamare
405 1834 616 1882 vidi,cun1
643 1843 731 1887 apte
756 1837 873 1874 verba
896 1834 1141 1874 cecidissent·
1170 1833 1210 1870 id
1229 1833 1333 1871 enim

215 1895 434 1938 exspectant
471 1901 595 1936 aureS,
632 1897 677 1926 ut
703 1890 826 1928 verbis
862 1889 1089 1940 colligentur
1124 1886 1331 1925 sententiae.

216 1940 309 1978 Non
328 1949 407 1980 erat
424 1942 498 1980 hoc
514 1941 618 1994 apud
636 1944 825 1994 antiquos.
855 1943 911 1982 Et
929 1942 1087 1995 quidem
1111 1941 1209 1979 nihil
1226 1941 1333 1978 aliud

216 1994 294 2033 fere
313 2007 389 2033 non
409 2003 515 2034 erat:
546 2009 638 2034 nam
657 2005 694 2035 et
712 2000 829 2036 verba
846 1997 1053 2048 eligebant,
1074 2003 1113 2034 et
1130 1995 1333 2034 sententias

214 2061 348 2099 graves
367 2056 403 2087 et
422 2063 556 2089 suaves
571 2051 836 2102 reperiebant3
867 2051 934 2090 sed
948 2064 1010 2090 eas
1029 2057 1097 2088 aut
1115 2049 1333 2089 vinciebant

216 2111 283 2140 aut
301 2104 507 2154 explebant
520 2117 670 2156 pamm.

269 2158 296 2178 “
320 2157 406 2196 Hoc
423 2171 486 2196 me
504 2159 630 2220 ipsum
647 2159 821 2208 delectat,
826 2159 851 2177 ''
867 2159 1060 2211 inquiunt.
1091 2155 1200 2205 Quid
1214 2155 1245 2194 si
1263 2167 1332 2193 an-

212 2209 425 2261 tiquissima
458 2213 525 2251 illa
557 2213 704 2265 pictura
737 2226 951 2265 paucorum
988 2213 1158 2252 colorum
1195 2210 1334 2261 magis,
1354 2223 1362 2231 ·
