1456 2396
243 136 299 174 so
586 130 946 181 TOPICA‚CA1².
973 133 1033 171 10.

228 248 338 290 sunt,
359 254 450 281 cum
469 240 519 280 ad
530 241 678 280 hostem
693 241 946 293 pervenerint,
961 249 999 280 et
1013 254 1060 280 ex
1072 254 1142 280 suo
1156 248 1361 294 tamquam

230 297 366 335 limine
393 296 568 344 exierint,
596 296 685 334 dein
703 309 793 335 cum
817 296 999 334 redierint
1016 303 1102 348 post
1119 296 1170 334 ad
1188 296 1291 335 idem
1309 299 1357 336 li-

227 363 334 399 men,
354 350 591 402 postliminio
611 351 813 389 videantur
831 350 996 389 rediisse.
1045 350 1138 398 Quo
1154 350 1196 388 in
1214 364 1353 402 genere

228 405 345 443 etiam
364 405 541 444 Mancini
556 418 669 444 causa
686 404 839 444 defendi
857 412 995 456 potest,
1011 404 1248 456 postliminio
1266 406 1353 444 red-

226 459 313 498 iisse
329 473 340 497 :
370 459 544 498 deditum
566 472 644 498 non
664 473 757 508 esse,
783 459 967 511 quoniam
986 471 1065 497 non
1083 459 1133 497 sit
1150 467 1323 511 receptus
1335 475 1349 498 ε

226 526 320 552 nam
345 526 471 566 neque
496 513 729 552 deditionem
755 527 882 566 neque
906 513 1167 563 donationem,
1188 513 1270 553 sine
1288 528 1352 554 ac-

225 568 415 620 ceptione,
436 568 600 619 intelligi
617 581 737 620 posse.

278 622 357 661 IX.
388 622 571 674 Sequitur
598 622 630 660 is
657 623 778 670 locus,
805 621 875 674 qui
901 628 1049 660 constat
1077 634 1126 660 ex
1152 621 1200 661 iis
1217 624 1347 672 rebus,

223 690 313 728 quae
331 676 616 729 quodammodo
635 677 779 715 affectae
797 684 887 714 sunt
905 676 955 714 ad
973 676 1027 723 id,
1048 676 1096 714 de
1121 689 1200 728 quo
1224 678 1350 716 ambi-

220 731 326 782 gitur
340 745 353 778 ;
383 745 500 783 quem
514 731 631 769 modo
645 731 727 769 dixi
741 731 782 769 in
793 731 922 782 plures
937 738 1064 782 partes
1081 730 1346 770 distributum.

219 786 345 836 Cujus
362 786 512 837 primus
530 793 587 824 est
604 785 710 824 locus
723 799 770 824 ex
785 785 1068 836 conjugatione,
1082 797 1202 837 quam
1219 785 1347 825 Graeci

222 843 388 887 Συζυγιαν
414 847 563 887 vocant,
588 839 776 878 finitimus
808 839 1009 888 notationi,
1041 839 1090 878 de
1122 839 1202 890 qua
1231 840 1348 879 modo

220 893 369 932 dictum
389 902 471 940 est3
501 902 559 942 ut,
581 894 613 932 si
631 907 773 946 aquam
791 893 965 945 pluviam
985 906 1070 932 eam
1092 893 1209 932 modo
1233 894 1347 933 intel-

217 948 439 999 ligeremus,
452 961 572 1001 quam
586 948 703 987 imbri
716 949 913 987 collectam
928 947 1144 986 videremus
1158 961 1170 993 ;
1200 949 1347 988 veniret

218 1001 393 1051 Mucius,
411 1004 493 1056 qui,
515 1003 607 1055 quia
625 1004 830 1054 conjugata
848 1004 965 1041 verba
983 1010 1106 1041 essent
1130 1003 1272 1052 pluvia
1307 1011 1346 1042 et

207 1057 396 1106 pluendo,
413 1058 567 1106 diceret,
589 1070 745 1096 omnem
764 1069 907 1109 aquam
921 1065 1094 1109 oportere
1106 1057 1238 1108 arceri,
1255 1072 1344 1110 quae

219 1112 391 1163 pluendo
410 1112 597 1151 crevisset.

272 1166 377 1205 Cum
404 1174 535 1204 autem
563 1179 587 1204 a
612 1179 750 1218 genere
768 1166 931 1205 ducetur
955 1173 1244 1218 argumentum,
1265 1179 1343 1206 non

216 1221 287 1259 erit
305 1233 455 1260 necesse
474 1221 515 1259 id
536 1234 659 1273 usque
683 1234 707 1259 a
725 1221 849 1273 capite
873 1233 1080 1259 arcessere:
1110 1234 1211 1273 saepe
1225 1222 1340 1260 etiam

213 1275 309 1313 citra
326 1275 428 1324 licet,
449 1275 662 1314 dummodo
687 1289 803 1327 supra
821 1275 870 1313 sit
888 1275 993 1326 quod
1012 1275 1191 1324 sumitur,
1221 1289 1341 1327 quam

211 1329 267 1378 id,
287 1329 337 1367 ad
355 1330 460 1382 quod
479 1330 645 1368 sumitur
661 1345 672 1368 ε
703 1338 760 1376 ut,
777 1343 879 1382 aqua
892 1329 1026 1381 pluvia
1043 1329 1184 1368 ultimo
1201 1343 1340 1381 genere

211 1397 257 1422 ea
275 1391 344 1432 est,
366 1397 467 1436 quae,
488 1384 536 1423 de
550 1385 643 1423 coelo
660 1385 831 1433 veniens,
851 1384 983 1423 craecit
996 1384 1137 1422 imbri:
1168 1384 1235 1423 sed
1250 1398 1340 1436 pro-

213 1438 319 1489 piore
335 1438 434 1486 loco,
453 1439 495 1476 in
514 1452 592 1491 quo
611 1439 720 1491 quasi
731 1440 796 1489 jus
810 1438 964 1478 arcendi
975 1438 1203 1486 continetur,
1216 1451 1340 1490 genus

213 1500 283 1539 est,
312 1506 414 1544 aqua
437 1494 572 1545 pluvia
596 1506 759 1532 nocens:
791 1494 874 1543 ejus
902 1492 1053 1544 generis
1082 1492 1232 1541 formae,
1264 1494 1339 1533 loci

210 1547 318 1596 vitio,
335 1554 373 1585 et
389 1560 510 1585 manu
529 1561 692 1587 nocens:
723 1561 890 1600 quarum
905 1548 1025 1586 altera
1038 1548 1198 1597 jubetur
1211 1549 1261 1586 ab
1273 1561 1336 1587 ara

213 1601 316 1640 bitro
335 1602 497 1641 coe'rceri
513 1616 526 1648 3
557 1603 676 1641 altera
694 1614 772 1640 non
788 1603 959 1652 jubetur.

263 1655 478 1695 Commode
495 1656 612 1695 etiam
631 1664 815 1695 tractatur
832 1656 914 1695 haec
932 1655 1230 1708 argumentatiO,
1247 1669 1337 1708 quae

207 1723 256 1748 ex
283 1723 419 1762 genere
444 1711 624 1759 sumitur,
652 1724 740 1750 cum
769 1723 819 1749 ex
842 1718 923 1750 toto
947 1723 1177 1762 persequare
1194 1719 1336 1772 partes,

209 1764 282 1803 hoc
310 1765 451 1803 modo:
482 1765 525 1804 Si
549 1765 661 1804 dolus
682 1765 810 1804 malus
837 1773 907 1813 est,
939 1777 1028 1804 cum
1057 1764 1165 1802 aliud
1194 1765 1336 1817 agitur,

203 1819 314 1857 aliud
332 1819 562 1866 simulatum
592 1832 817 1858 enumerare
841 1819 943 1868 licet,
973 1819 1116 1871 quibus
1141 1818 1183 1856 id
1207 1820 1334 1858 modis

207 1872 304 1919 fiat;
334 1873 499 1912 deinde‘
489 1887 531 1912 m
549 1887 682 1913 eorum
701 1874 872 1926 aliquem
890 1873 944 1923 id,
965 1873 1070 1926 quod
1088 1886 1227 1924 arguas
1245 1873 1335 1913 dolo

206 1927 310 1966 malo
337 1928 499 1976 factum,
528 1928 749 1975 includere,
780 1928 886 1980 quod
909 1940 1032 1980 genus
1056 1928 1275 1979 argumenti
1292 1928 1334 1967 in

207 1981 344 2032 primis
362 1982 522 2021 firmum
541 1983 662 2022 videri
678 1983 785 2022 solet.

262 2035 317 2074 X.
347 2036 570 2075 Similitudo
588 2038 787 2090 sequitur3
817 2050 905 2089 quae
922 2037 999 2075 late
1022 2042 1141 2088 patet,
1162 2035 1229 2074 sed
1246 2049 1332 2075 ora-

205 2090 351 2129 toribus
370 2099 408 2129 et
426 2091 662 2143 philosophis
676 2091 814 2144 magis,
835 2104 955 2144 quam
973 2091 1091 2129 vobis.
1119 2090 1209 2129 Etsi
1226 2091 1330 2129 enim

203 2157 336 2183 omnes
366 2145 441 2184 loci
473 2157 563 2184 sunt
584 2146 761 2184 omnium
787 2145 1107 2198 disputationum,
1136 2144 1186 2183 ad
1213 2157 1328 2196 argu-

205 2206 337 2238 menta
373 2200 666 2252 suppeditanda,
704 2208 835 2239 tamen
874 2200 960 2238 aliis
1003 2198 1328 2251 disputationibus

199 2253 463 2296 abundantius
477 2263 694 2305 occurrunt,
711 2255 796 2296 aliis
807 2254 1018 2307 angustius.
1041 2255 1180 2306 Itaque
1190 2266 1331 2305 genera
