1456 2396
197 111 278 150 342
323 106 813 149 ACADEMICORUM
828 107 929 148 Lm.
945 107 1006 149 ΙΙ.
1021 107 1129 149 CAP.
1143 108 1211 149 44.

191 220 320 258 alter:
349 218 382 258 si
408 218 678 266 Polemoneus,
707 225 838 271 peccat
863 217 1027 267 Stoicus,
1053 218 1110 257 rei
1131 218 1238 258 falsae
1266 232 1327 260 as·

193 274 379 312 sentiens.
420 274 504 312 Vos
532 272 690 324 quidem
719 273 818 311 nihil
849 273 972 311 dicitis
1003 285 1027 310 a
1058 273 1229 325 sapiente
1245 282 1327 331 tam

201 329 373 367 alienum
393 341 482 366 aese.
527 327 596 366 Sin
614 340 703 365 vera
720 335 811 365 sunt
836 327 1017 374 Zenonis,
1043 327 1177 366 eadm
1200 329 1243 367 in
1260 325 1326 368 v'e-

199 390 297 421 terae
328 381 581 421 Academicos
619 381 966 434 Peripateticosque
997 345 1168 420 dicenda:
1222 381 1326 432 [Hic

197 437 318 488 igitur
336 436 463 475 neutri
489 436 708 485 assentiens,
737 436 772 474 si
799 448 1016 488 nunquam,
1044 443 1130 475 uter
1155 444 1212 476 est
1234 451 1329 490 pru-

198 491 381 529 dentlor

257 492 404 593 Ωηίᾶὲ]
428 558 517 584 cum
541 544 623 597 ipse
651 544 870 584 Antiochus
896 544 1069 584 dissentit
1093 545 1326 598 quibusdam

199 600 242 638 in
261 602 375 638 rebus
401 600 449 638 ab
474 600 535 647 iis,
562 612 658 651 quos
683 608 802 646 amat,
824 600 987 645 Sto'icis;
1017 611 1146 638 nonne
1168 600 1325 649 indicat,

199 667 279 693 non
293 667 403 706 posse
414 654 484 692 illa
496 654 694 706 probanda
712 667 790 692 esse
804 654 966 706 sapienti
980 656 997 693 Ρ
1027 654 1160 692 Placet
1174 655 1326 704 Stoicis,

198 709 333 747 omnia
349 717 502 761 peccata
521 722 600 747 esse
613 708 744 760 paria:
767 716 807 745 at
824 708 897 746 hoc
911 708 1108 747 Antiocho
1122 708 1326 748 vehemen-

200 764 345 802 tissime
373 763 558 814 displicet.
599 763 733 800 Liceat
764 762 919 800 tandem
947 762 1046 800 mihi
1076 763 1325 811 considerare,

199 826 329 856 utram
360 817 586 856 sententiam
615 829 763 868 sequar.
808 817 991 863 Praecide,
1020 817 1173 869 inquitz
1203 825 1327 857 statue

199 872 409 924 aliquando
427 872 629 923 quidlibet.
669 870 809 919 Quid?
839 884 927 923 quae
945 872 1126 910 dicuntur
1151 872 1332 924 quidem„

199 935 238 965 et
263 934 376 965 acuta
399 926 498 964 mihi
522 926 701 964 videntur
725 926 765 963 in
792 932 997 977 utramque
1018 933 1181 977 partem,
1203 934 1240 965 et
1257 940 1327 978 pa-

199 981 281 1024 ria..
271 995 281 1004 ·
312 993 439 1019 nonne
463 993 633 1026 caveam,
660 992 709 1017 ne
735 980 856 1018 scelus
881 979 1051 1018 faciam?
1081 981 1202 1019 scelus
1221 981 1325 1019 enim

197 1036 351 1074 dicebas
370 1049 426 1074 855
429 1049 462 1081 8,
486 1035 664 1081 Luculle,
686 1033 828 1095 dogma
846 1033 1016 1085 prodere.
1046 1033 1235 1074 Contineo
1252 1035 1326 1087 igi-

198 1097 263 1128 tur
277 1103 354 1138 me,
375 1102 423 1128 ne
440 1089 636 1140 incognito
654 1088 861 1135 assentia13
884 1088 989 1140 quod
1006 1088 1105 1126 mihi
1123 1096 1251 1128 tecum
1270 1097 1326 1128 est

195 1144 341 1195 dogma
359 1156 576 1182 commune.

252 1199 354 1237 Ε888
379 1199 504 1236 multo
529 1198 653 1248 major
679 1197 796 1236 etiam
821 1162 1014 1236 dissensio.
1044 1197 1152 1237 Zeno
1176 1197 1218 1237 in
1242 1197 1324 1238 una

195 1253 337 1291 virtute
367 1253 531 1304 positam
557 1254 710 1290 beatam
737 1253 855 1290 xitam
883 1260 1007 1303 putat.
1048 1252 1158 1300 Quid
1181 1253 1326 1292 Antio-

195 1308 322 1346 chus?
353 1307 500 1353 Ltiam,
521 1307 671 1358 inquit:
694 1308 862 1368 beatam,
879 1306 943 1344 sed
958 1319 1035 1345 non
1049 1307 1322 1346 hemmam

195 1361 305 1400 Deus
323 1362 403 1409 ille,
423 1362 491 1413 qui
510 1361 608 1398 nihil
627 1361 773 1399 censuit
791 1361 918 1399 deoese
936 1361 1092 1400 virtuti:
1113 1362 1323 1402 homuncio

192 1417 270 1463 1118,
290 1416 360 1468 qui
373 1417 499 1454 multa
513 1424 639 1467 putat
655 1424 792 1467 praeter
806 1415 1001 1461 virtutem,
1017 1415 1167 1454 homini

192 1484 281 1509 cara
299 1484 392 1517 esse,
413 1470 555 1523 partim
582 1470 697 1508 etiam
723 1470 942 1509 necessaria.
973 1469 1049 1509 Sed
1073 1471 1153 1519 ille,
1179 1485 1322 1522 181801,

192 1537 241 1563 ne
267 1525 400 1564 virtuti
425 1526 514 1577 plus
538 1525 696 1566 tribuat,
724 1537 844 1576 quam
862 1532 1001 1563 natura
1018 1525 1202 1576 patiatur,
1221 1540 1322 1578 prae-

190 1580 323 1617 sertim
343 1579 611 1631 Theophrasto
625 1580 750 1617 multa
768 1579 905 1617 diserte
918 1579 1143 1632 copioseque
1157 1581 1318 1620 dicente.

191 1633 248 1672 Et
265 1634 343 1682 hic,
370 1642 515 1681 metuo,
536 1647 585 1672 ne
603 1633 668 1671 vix
694 1633 766 1672 sibi
791 1641 959 1679 constet3
991 1634 1073 1686 qui,
1101 1647 1191 1674 811111
1215 1635 1318 1675 dicat

189 1701 270 1726 8558
300 1688 478 1740 quaedam
509 1697 547 1726 et
576 1688 742 1740 corporis
772 1696 809 1726 et
834 1687 999 1726 fortunae
1037 1689 1154 1739 mala,
1184 1698 1316 1730 tamen

188 1755 296 1788 811111,
329 1743 397 1795 qui
422 1743 462 1780 in
488 1742 548 1780 his
567 1743 746 1781 omnibus
765 1742 827 1789 sit,
848 1743 1006 1780 beatum
1023 1741 1105 1782 fore
1123 1753 1263 1792 censet,
1283 1745 1317 1784 si

190 1797 342 1848 sapiens
373 1797 432 1835 sit.
474 1796 703 1835 Distrahor:
735 1809 825 1835 cum
849 1796 922 1835 hoc
946 1796 1044 1835 mihi
1062 1799 1313 1849 probabilius,

189 1859 276 1890 tum
304 1851 418 1899 illud,
450 1851 624 1889 videtur:
656 1859 693 1890 et
720 1859 865 1900 tamen,
894 1851 969 1890 nisi
993 1851 1223 1893 alterutrum
1250 1855 1314 1902 sit,

189 1907 372 1944 virtutem
387 1907 512 1955 jacere
530 1906 644 1957 plane
663 1913 770 1957 puto.

242 1961 394 1999 Verum
419 1960 460 1998 in
486 1960 545 1998 his
570 1960 798 2011 discrepant.
843 1958 985 2007 Quid?
1013 1960 1095 2008 illa,
1113 1961 1156 2000 in
1174 1962 1317 2014 quibus

186 2015 443 2059 consentiunt,
470 2027 567 2052 num
593 2028 662 2066 pro
688 2014 784 2053 veris
810 2016 971 2065 probare
992 2027 1196 2067 possumus
1210 2019 1228 2056 ἓ
1257 2031 1317 2057 53-

185 2070 327 2121 pientis
344 2069 521 2107 animum
540 2081 743 2121 nunquam
762 2080 832 2107 1188
845 2068 1053 2122 cupiditate
1066 2071 1226 2119 moveri,
1245 2084 1316 2112 nec

186 2123 324 2162 laetitia
341 2123 477 2162 efferri.

241 2178 401 2216 XLIV.
441 2179 545 2230 Age,
584 2178 666 2216 haec
691 2177 918 2239 probabilia
953 2190 1044 2218 sane
1080 2178 1179 2218 sint·
1215 2193 1312 2220 num

184 2233 304 2272 etiam
321 2232 420 2272 illa?
450 2245 654 2285 nunquam
672 2232 821 2282 timere,
843 2245 1046 2285 nunquam
1064 2232 1202 2274 dolere.
1242 2236 1313 2276 Sa-
